<?xml version="1.0" encoding="UTF-8"?>
<!DOCTYPE html PUBLIC "-//W3C//DTD XHTML 1.0 Transitional//EN"
    "http://www.w3.org/TR/xhtml1/DTD/xhtml1-transitional.dtd">
<html xmlns="http://www.w3.org/1999/xhtml" xml:lang="en" lang="en">
 <head>
  <title>
</title>
<meta http-equiv="Content-Type" content="text/html;charset=utf-8" />
  <meta name='ocr-system' content='tesseract 3.04.00' />
  <meta name='ocr-capabilities' content='ocr_page ocr_carea ocr_par ocr_line ocrx_word'/>
</head>
<body>
  <div class='ocr_page' id='page_1' title='image "./narratiunculaean00cockuoft/narratiunculaean00cockuoft_0083.png"; bbox 0 0 1734 3115; ppageno 0'>
   <div class='ocr_carea' id='block_1_1' title="bbox 489 171 1593 209">
    <p class='ocr_par' dir='ltr' id='par_1_1' title="bbox 489 171 1593 209">
     <span class='ocr_line' id='line_1_1' title="bbox 489 171 1593 209; baseline -0.003 -1"><span class='ocrx_word' id='word_1_1' title='bbox 489 181 620 209; x_wconf 77' lang='lat' dir='ltr'>No&#39;rAE</span> <span class='ocrx_word' id='word_1_2' title='bbox 645 181 693 208; x_wconf 77' lang='lat' dir='ltr'>IN</span> <span class='ocrx_word' id='word_1_3' title='bbox 718 180 982 208; x_wconf 71' lang='lat' dir='ltr'><strong>EfflSTOLAM</strong></span> <span class='ocrx_word' id='word_1_4' title='bbox 1005 180 1303 208; x_wconf 75' lang='lat' dir='ltr'>ALEXANDRI.</span> <span class='ocrx_word' id='word_1_5' title='bbox 1540 171 1593 205; x_wconf 88' lang='lat'>69</span> 
     </span>
    </p>
   </div>
   <div class='ocr_carea' id='block_1_2' title="bbox 119 273 1596 2795">
    <p class='ocr_par' dir='ltr' id='par_1_2' title="bbox 128 273 1596 707">
     <span class='ocr_line' id='line_1_2' title="bbox 133 273 1593 325; baseline -0.002 -12"><span class='ocrx_word' id='word_1_6' title='bbox 133 274 238 324; x_wconf 89' lang='lat' dir='ltr'>quod</span> <span class='ocrx_word' id='word_1_7' title='bbox 257 274 388 323; x_wconf 86' lang='lat' dir='ltr'>sciam,</span> <span class='ocrx_word' id='word_1_8' title='bbox 407 275 481 313; x_wconf 87' lang='lat' dir='ltr'>hoc</span> <span class='ocrx_word' id='word_1_9' title='bbox 499 274 659 313; x_wconf 90' lang='lat' dir='ltr'>nomine</span> <span class='ocrx_word' id='word_1_10' title='bbox 679 274 875 325; x_wconf 83' lang='lat' dir='ltr'>culpandi.</span> <span class='ocrx_word' id='word_1_11' title='bbox 933 273 994 311; x_wconf 89' lang='lat' dir='ltr'>Ut</span> <span class='ocrx_word' id='word_1_12' title='bbox 1018 273 1120 311; x_wconf 88' lang='lat' dir='ltr'>libro</span> <span class='ocrx_word' id='word_1_13' title='bbox 1140 287 1210 312; x_wconf 87' lang='lat' dir='ltr'>sua</span> <span class='ocrx_word' id='word_1_14' title='bbox 1232 273 1358 311; x_wconf 86' lang='lat' dir='ltr'>forma</span> <span class='ocrx_word' id='word_1_15' title='bbox 1380 276 1593 319; x_wconf 85' lang='lat' dir='ltr'>constaret,</span> 
     </span>
     <span class='ocr_line' id='line_1_3' title="bbox 131 336 1594 390; baseline -0.001 -15"><span class='ocrx_word' id='word_1_16' title='bbox 131 336 226 376; x_wconf 83' lang='lat' dir='ltr'>folia</span> <span class='ocrx_word' id='word_1_17' title='bbox 263 342 475 388; x_wconf 77' lang='lat' dir='ltr'>corrugata</span> <span class='ocrx_word' id='word_1_18' title='bbox 511 338 711 390; x_wconf 77' lang='lat' dir='ltr'>discerpta</span> <span class='ocrx_word' id='word_1_19' title='bbox 747 341 788 376; x_wconf 90' lang='lat' dir='ltr'>et</span> <span class='ocrx_word' id='word_1_20' title='bbox 825 337 992 376; x_wconf 80' lang='lat' dir='ltr'>vinculis</span> <span class='ocrx_word' id='word_1_21' title='bbox 1027 337 1168 384; x_wconf 86' lang='lat' dir='ltr'>soluta,</span> <span class='ocrx_word' id='word_1_22' title='bbox 1207 337 1327 375; x_wconf 86' lang='lat' dir='ltr'>cartis</span> <span class='ocrx_word' id='word_1_23' title='bbox 1363 337 1594 389; x_wconf 81' lang='lat' dir='ltr'>papyraceis</span> 
     </span>
     <span class='ocr_line' id='line_1_4' title="bbox 132 400 1594 452; baseline -0.001 -13"><span class='ocrx_word' id='word_1_24' title='bbox 132 401 280 449; x_wconf 86' lang='lat' dir='ltr'>validis,</span> <span class='ocrx_word' id='word_1_25' title='bbox 318 406 365 440; x_wconf 91' lang='lat' dir='ltr'>ut</span> <span class='ocrx_word' id='word_1_26' title='bbox 401 415 562 441; x_wconf 89' lang='lat' dir='ltr'>necesse</span> <span class='ocrx_word' id='word_1_27' title='bbox 599 405 696 449; x_wconf 87' lang='lat' dir='ltr'>erat,</span> <span class='ocrx_word' id='word_1_28' title='bbox 728 401 938 452; x_wconf 82' lang='lat' dir='ltr'>densisque</span> <span class='ocrx_word' id='word_1_29' title='bbox 974 400 1277 448; x_wconf 72' lang='lat' dir='ltr'>interserebant,</span> <span class='ocrx_word' id='word_1_30' title='bbox 1311 404 1352 438; x_wconf 93' lang='lat' dir='ltr'>et</span> <span class='ocrx_word' id='word_1_31' title='bbox 1389 401 1494 452; x_wconf 90' lang='lat' dir='ltr'>quod</span> <span class='ocrx_word' id='word_1_32' title='bbox 1530 400 1594 438; x_wconf 76' lang='lat' dir='ltr'>vix</span> 
     </span>
     <span class='ocr_line' id='line_1_5' title="bbox 129 464 1596 517; baseline 0 -15"><span class='ocrx_word' id='word_1_33' title='bbox 129 464 368 513; x_wconf 88' lang='lat' dir='ltr'>evitandum,</span> <span class='ocrx_word' id='word_1_34' title='bbox 389 465 519 517; x_wconf 73' lang='lat' dir='ltr'>aliqua</span> <span class='ocrx_word' id='word_1_35' title='bbox 543 478 591 504; x_wconf 81' lang='lat' dir='ltr'>ex</span> <span class='ocrx_word' id='word_1_36' title='bbox 612 469 726 517; x_wconf 90' lang='lat' dir='ltr'>parte</span> <span class='ocrx_word' id='word_1_37' title='bbox 752 464 1139 516; x_wconf 89' lang='lat' dir='ltr'>superimponebant.</span> <span class='ocrx_word' id='word_1_38' title='bbox 1203 464 1316 502; x_wconf 83' lang='lat' dir='ltr'>Unde</span> <span class='ocrx_word' id='word_1_39' title='bbox 1342 464 1398 511; x_wconf 88' lang='lat' dir='ltr'>fit,</span> <span class='ocrx_word' id='word_1_40' title='bbox 1418 467 1465 502; x_wconf 90' lang='lat' dir='ltr'>ut</span> <span class='ocrx_word' id='word_1_41' title='bbox 1484 477 1596 502; x_wconf 86' lang='lat' dir='ltr'>versa</span> 
     </span>
     <span class='ocr_line' id='line_1_6' title="bbox 128 527 1592 579; baseline 0.001 -14"><span class='ocrx_word' id='word_1_42' title='bbox 128 527 361 578; x_wconf 84' lang='lat' dir='ltr'>paginarum</span> <span class='ocrx_word' id='word_1_43' title='bbox 386 528 486 567; x_wconf 88' lang='lat' dir='ltr'>facie</span> <span class='ocrx_word' id='word_1_44' title='bbox 513 528 658 567; x_wconf 70' lang='lat' dir='ltr'>litterae</span> <span class='ocrx_word' id='word_1_45' title='bbox 677 528 829 579; x_wconf 83' lang='lat' dir='ltr'>aliquot</span> <span class='ocrx_word' id='word_1_46' title='bbox 859 527 1029 566; x_wconf 76' lang='lat' dir='ltr'>discerni</span> <span class='ocrx_word' id='word_1_47' title='bbox 1054 531 1265 578; x_wconf 84' lang='lat' dir='ltr'>nequeant.</span> <span class='ocrx_word' id='word_1_48' title='bbox 1324 528 1364 565; x_wconf 82' lang='lat' dir='ltr'>Si</span> <span class='ocrx_word' id='word_1_49' title='bbox 1391 528 1496 565; x_wconf 86' lang='lat' dir='ltr'>tanti</span> <span class='ocrx_word' id='word_1_50' title='bbox 1519 532 1592 575; x_wconf 87' lang='lat' dir='ltr'>est,</span> 
     </span>
     <span class='ocr_line' id='line_1_7' title="bbox 128 590 1593 643; baseline 0.002 -15"><span class='ocrx_word' id='word_1_51' title='bbox 128 590 243 629; x_wconf 84' lang='lat' dir='ltr'>venia</span> <span class='ocrx_word' id='word_1_52' title='bbox 262 591 365 639; x_wconf 86' lang='lat' dir='ltr'>data,</span> <span class='ocrx_word' id='word_1_53' title='bbox 391 592 488 631; x_wconf 87' lang='lat' dir='ltr'>locis</span> <span class='ocrx_word' id='word_1_54' title='bbox 513 592 591 630; x_wconf 82' lang='lat' dir='ltr'>illis</span> <span class='ocrx_word' id='word_1_55' title='bbox 617 591 884 630; x_wconf 72' lang='lat' dir='ltr'>Beowulfanis</span> <span class='ocrx_word' id='word_1_56' title='bbox 910 591 1122 643; x_wconf 85' lang='lat' dir='ltr'>interpreti</span> <span class='ocrx_word' id='word_1_57' title='bbox 1147 591 1452 640; x_wconf 84' lang='lat' dir='ltr'>molestioribus,</span> <span class='ocrx_word' id='word_1_58' title='bbox 1473 593 1593 643; x_wconf 90' lang='lat' dir='ltr'>quod-</span> 
     </span>
     <span class='ocr_line' id='line_1_8' title="bbox 129 655 977 707; baseline 0.001 -15"><span class='ocrx_word' id='word_1_59' title='bbox 129 667 284 706; x_wconf 89' lang='lat' dir='ltr'>cunque</span> <span class='ocrx_word' id='word_1_60' title='bbox 302 656 452 707; x_wconf 85' lang='lat' dir='ltr'>legenti</span> <span class='ocrx_word' id='word_1_61' title='bbox 471 655 602 703; x_wconf 86' lang='lat' dir='ltr'>officit,</span> <span class='ocrx_word' id='word_1_62' title='bbox 623 655 811 694; x_wconf 85' lang='lat' dir='ltr'>abradere</span> <span class='ocrx_word' id='word_1_63' title='bbox 830 655 977 694; x_wconf 78' lang='lat' dir='ltr'>licebit.</span> 
     </span>
    </p>

    <p class='ocr_par' dir='ltr' id='par_1_3' title="bbox 125 718 1592 1022">
     <span class='ocr_line' id='line_1_9' title="bbox 183 718 1591 771; baseline 0.001 -15"><span class='ocrx_word' id='word_1_64' title='bbox 183 719 340 770; x_wconf 83' lang='lat' dir='ltr'>Paginae</span> <span class='ocrx_word' id='word_1_65' title='bbox 359 720 521 770; x_wconf 85' lang='lat' dir='ltr'>aliquot,</span> <span class='ocrx_word' id='word_1_66' title='bbox 541 719 590 757; x_wconf 88' lang='lat' dir='ltr'>ab</span> <span class='ocrx_word' id='word_1_67' title='bbox 609 718 944 757; x_wconf 87' lang='lat' dir='ltr'>instauratoribus</span> <span class='ocrx_word' id='word_1_68' title='bbox 962 718 1055 756; x_wconf 92' lang='lat' dir='ltr'>libri</span> <span class='ocrx_word' id='word_1_69' title='bbox 1076 718 1164 756; x_wconf 87' lang='lat' dir='ltr'>loco</span> <span class='ocrx_word' id='word_1_70' title='bbox 1182 731 1265 757; x_wconf 88' lang='lat' dir='ltr'>non</span> <span class='ocrx_word' id='word_1_71' title='bbox 1284 732 1355 757; x_wconf 88' lang='lat' dir='ltr'>suo</span> <span class='ocrx_word' id='word_1_72' title='bbox 1382 719 1591 771; x_wconf 67' lang='lat' dir='ltr'>dispositae,</span> 
     </span>
     <span class='ocr_line' id='line_1_10' title="bbox 127 782 1592 833; baseline 0.001 -13"><span class='ocrx_word' id='word_1_73' title='bbox 127 782 170 820; x_wconf 89' lang='lat' dir='ltr'>in</span> <span class='ocrx_word' id='word_1_74' title='bbox 198 783 349 822; x_wconf 88' lang='lat' dir='ltr'>iustum</span> <span class='ocrx_word' id='word_1_75' title='bbox 372 787 486 821; x_wconf 87' lang='lat' dir='ltr'>erant</span> <span class='ocrx_word' id='word_1_76' title='bbox 508 782 765 821; x_wconf 83' lang='lat' dir='ltr'>restituendae</span> <span class='ocrx_word' id='word_1_77' title='bbox 794 782 994 828; x_wconf 83' lang='lat' dir='ltr'>ordinem3</span> <span class='ocrx_word' id='word_1_78' title='bbox 1023 782 1128 832; x_wconf 88' lang='lat' dir='ltr'>quod</span> <span class='ocrx_word' id='word_1_79' title='bbox 1150 795 1222 833; x_wconf 91' lang='lat' dir='ltr'>per</span> <span class='ocrx_word' id='word_1_80' title='bbox 1239 796 1384 821; x_wconf 70' lang='lat' dir='ltr'>nexinn</span> <span class='ocrx_word' id='word_1_81' title='bbox 1403 784 1592 823; x_wconf 87' lang='lat' dir='ltr'>orationis</span> 
     </span>
     <span class='ocr_line' id='line_1_11' title="bbox 127 844 1592 895; baseline 0.001 -12"><span class='ocrx_word' id='word_1_82' title='bbox 127 844 203 883; x_wconf 90' lang='lat' dir='ltr'>iam</span> <span class='ocrx_word' id='word_1_83' title='bbox 218 845 379 893; x_wconf 83' lang='lat' dir='ltr'>factum,</span> <span class='ocrx_word' id='word_1_84' title='bbox 396 845 541 882; x_wconf 90' lang='lat' dir='ltr'>Latina</span> <span class='ocrx_word' id='word_1_85' title='bbox 554 844 780 882; x_wconf 86' lang='lat' dir='ltr'>narratione</span> <span class='ocrx_word' id='word_1_86' title='bbox 792 847 932 895; x_wconf 86' lang='lat' dir='ltr'>postea</span> <span class='ocrx_word' id='word_1_87' title='bbox 944 844 1230 882; x_wconf 85' lang='lat' dir='ltr'>confirmatum.</span> <span class='ocrx_word' id='word_1_88' title='bbox 1266 845 1494 884; x_wconf 82' lang='lat' dir='ltr'>Versiculos</span> <span class='ocrx_word' id='word_1_89' title='bbox 1510 860 1592 885; x_wconf 86' lang='lat' dir='ltr'>eos-</span> 
     </span>
     <span class='ocr_line' id='line_1_12' title="bbox 127 907 1591 959; baseline 0.001 -13"><span class='ocrx_word' id='word_1_90' title='bbox 127 908 227 955; x_wconf 86' lang='lat' dir='ltr'>dem,</span> <span class='ocrx_word' id='word_1_91' title='bbox 247 922 345 959; x_wconf 89' lang='lat' dir='ltr'>quos</span> <span class='ocrx_word' id='word_1_92' title='bbox 364 908 485 947; x_wconf 85' lang='lat' dir='ltr'>habet</span> <span class='ocrx_word' id='word_1_93' title='bbox 504 907 637 956; x_wconf 80' lang='lat' dir='ltr'>codex,</span> <span class='ocrx_word' id='word_1_94' title='bbox 657 907 940 959; x_wconf 88' lang='lat' dir='ltr'>imprimendos</span> <span class='ocrx_word' id='word_1_95' title='bbox 956 908 1100 955; x_wconf 82' lang='lat' dir='ltr'>curavi,</span> <span class='ocrx_word' id='word_1_96' title='bbox 1121 921 1198 958; x_wconf 88' lang='lat' dir='ltr'>quo</span> <span class='ocrx_word' id='word_1_97' title='bbox 1217 907 1372 947; x_wconf 84' lang='lat' dir='ltr'>facilius</span> <span class='ocrx_word' id='word_1_98' title='bbox 1385 908 1591 959; x_wconf 83' lang='lat' dir='ltr'>dignoscas</span> 
     </span>
     <span class='ocr_line' id='line_1_13' title="bbox 125 970 1245 1022; baseline 0.001 -14"><span class='ocrx_word' id='word_1_99' title='bbox 125 970 222 1022; x_wconf 90' lang='lat' dir='ltr'>quid</span> <span class='ocrx_word' id='word_1_100' title='bbox 239 970 282 1008; x_wconf 91' lang='lat' dir='ltr'>in</span> <span class='ocrx_word' id='word_1_101' title='bbox 302 970 477 1022; x_wconf 85' lang='lat' dir='ltr'>margine</span> <span class='ocrx_word' id='word_1_102' title='bbox 495 984 690 1019; x_wconf 88' lang='lat' dir='ltr'>mancum,</span> <span class='ocrx_word' id='word_1_103' title='bbox 710 974 751 1009; x_wconf 91' lang='lat' dir='ltr'>et</span> <span class='ocrx_word' id='word_1_104' title='bbox 770 984 889 1021; x_wconf 91' lang='lat' dir='ltr'>quare</span> <span class='ocrx_word' id='word_1_105' title='bbox 909 971 1162 1009; x_wconf 88' lang='lat' dir='ltr'>emendatum</span> <span class='ocrx_word' id='word_1_106' title='bbox 1182 971 1245 1009; x_wconf 87' lang='lat' dir='ltr'>sit.</span> 
     </span>
    </p>

    <p class='ocr_par' dir='ltr' id='par_1_4' title="bbox 122 1034 1592 1593">
     <span class='ocr_line' id='line_1_14' title="bbox 179 1034 1592 1086; baseline 0.004 -15"><span class='ocrx_word' id='word_1_107' title='bbox 179 1034 354 1073; x_wconf 60' lang='lat' dir='ltr'>Elaiores</span> <span class='ocrx_word' id='word_1_108' title='bbox 379 1035 508 1072; x_wconf 91' lang='lat' dir='ltr'>nostri</span> <span class='ocrx_word' id='word_1_109' title='bbox 532 1034 576 1072; x_wconf 92' lang='lat' dir='ltr'>in</span> <span class='ocrx_word' id='word_1_110' title='bbox 601 1034 800 1073; x_wconf 84' lang='lat' dir='ltr'>vocabulis</span> <span class='ocrx_word' id='word_1_111' title='bbox 820 1035 1060 1086; x_wconf 88' lang='lat' dir='ltr'>compositis,</span> <span class='ocrx_word' id='word_1_112' title='bbox 1090 1035 1236 1073; x_wconf 90' lang='lat' dir='ltr'>arctior</span> <span class='ocrx_word' id='word_1_113' title='bbox 1254 1048 1306 1073; x_wconf 93' lang='lat' dir='ltr'>an</span> <span class='ocrx_word' id='word_1_114' title='bbox 1330 1035 1455 1075; x_wconf 70' lang='lat' dir='ltr'>laxior</span> <span class='ocrx_word' id='word_1_115' title='bbox 1482 1037 1592 1077; x_wconf 89' lang='lat' dir='ltr'>iunc-</span> 
     </span>
     <span class='ocr_line' id='line_1_15' title="bbox 125 1097 1591 1150; baseline 0.003 -15"><span class='ocrx_word' id='word_1_116' title='bbox 125 1101 218 1136; x_wconf 86' lang='lat' dir='ltr'>tura</span> <span class='ocrx_word' id='word_1_117' title='bbox 236 1101 352 1145; x_wconf 88' lang='lat' dir='ltr'>esset,</span> <span class='ocrx_word' id='word_1_118' title='bbox 373 1101 414 1135; x_wconf 90' lang='lat' dir='ltr'>et</span> <span class='ocrx_word' id='word_1_119' title='bbox 434 1097 529 1148; x_wconf 90' lang='lat' dir='ltr'>quid</span> <span class='ocrx_word' id='word_1_120' title='bbox 540 1097 582 1135; x_wconf 87' lang='lat' dir='ltr'>in</span> <span class='ocrx_word' id='word_1_121' title='bbox 596 1097 670 1135; x_wconf 86' lang='lat' dir='ltr'>hac</span> <span class='ocrx_word' id='word_1_122' title='bbox 688 1111 731 1136; x_wconf 87' lang='lat' dir='ltr'>re</span> <span class='ocrx_word' id='word_1_123' title='bbox 743 1097 892 1135; x_wconf 74' lang='lat' dir='ltr'>vellent</span> <span class='ocrx_word' id='word_1_124' title='bbox 906 1097 1149 1136; x_wconf 88' lang='lat' dir='ltr'>nesciebant.</span> <span class='ocrx_word' id='word_1_125' title='bbox 1207 1098 1446 1150; x_wconf 87' lang='lat' dir='ltr'>Plerumque</span> <span class='ocrx_word' id='word_1_126' title='bbox 1458 1105 1591 1140; x_wconf 85' lang='lat' dir='ltr'>autem</span> 
     </span>
     <span class='ocr_line' id='line_1_16' title="bbox 124 1161 1591 1217; baseline 0.003 -18"><span class='ocrx_word' id='word_1_127' title='bbox 124 1161 217 1200; x_wconf 90' lang='lat' dir='ltr'>libri</span> <span class='ocrx_word' id='word_1_128' title='bbox 252 1175 372 1200; x_wconf 87' lang='lat' dir='ltr'>manu</span> <span class='ocrx_word' id='word_1_129' title='bbox 400 1161 538 1212; x_wconf 85' lang='lat' dir='ltr'>scripti</span> <span class='ocrx_word' id='word_1_130' title='bbox 565 1161 623 1199; x_wconf 87' lang='lat' dir='ltr'>ita</span> <span class='ocrx_word' id='word_1_131' title='bbox 649 1174 763 1200; x_wconf 82' lang='lat' dir='ltr'>voces</span> <span class='ocrx_word' id='word_1_132' title='bbox 792 1161 994 1200; x_wconf 87' lang='lat' dir='ltr'>ordinatas</span> <span class='ocrx_word' id='word_1_133' title='bbox 1026 1161 1176 1200; x_wconf 83' lang='lat' dir='ltr'>habent</span> <span class='ocrx_word' id='word_1_134' title='bbox 1212 1167 1260 1200; x_wconf 89' lang='lat' dir='ltr'>ut</span> <span class='ocrx_word' id='word_1_135' title='bbox 1290 1176 1404 1202; x_wconf 83' lang='lat' dir='ltr'>casus</span> <span class='ocrx_word' id='word_1_136' title='bbox 1433 1164 1591 1217; x_wconf 87' lang='lat' dir='ltr'>forsque</span> 
     </span>
     <span class='ocr_line' id='line_1_17' title="bbox 124 1225 1591 1279; baseline 0.005 -16"><span class='ocrx_word' id='word_1_137' title='bbox 124 1225 290 1272; x_wconf 81' lang='lat' dir='ltr'>tulerit3</span> <span class='ocrx_word' id='word_1_138' title='bbox 320 1225 531 1276; x_wconf 85' lang='lat' dir='ltr'>aliquando</span> <span class='ocrx_word' id='word_1_139' title='bbox 563 1225 625 1263; x_wconf 79' lang='lat' dir='ltr'>vel</span> <span class='ocrx_word' id='word_1_140' title='bbox 658 1225 836 1264; x_wconf 88' lang='lat' dir='ltr'>eiusdem</span> <span class='ocrx_word' id='word_1_141' title='bbox 869 1226 1028 1277; x_wconf 79' lang='lat' dir='ltr'>syllabae</span> <span class='ocrx_word' id='word_1_142' title='bbox 1060 1226 1206 1266; x_wconf 88' lang='lat' dir='ltr'>litterae</span> <span class='ocrx_word' id='word_1_143' title='bbox 1226 1227 1385 1279; x_wconf 82' lang='lat' dir='ltr'>longius</span> <span class='ocrx_word' id='word_1_144' title='bbox 1413 1229 1520 1268; x_wconf 86' lang='lat' dir='ltr'>inter</span> <span class='ocrx_word' id='word_1_145' title='bbox 1550 1245 1591 1270; x_wconf 89' lang='lat' dir='ltr'>se</span> 
     </span>
     <span class='ocr_line' id='line_1_18' title="bbox 124 1288 1591 1345; baseline 0.004 -19"><span class='ocrx_word' id='word_1_146' title='bbox 124 1288 282 1336; x_wconf 86' lang='lat' dir='ltr'>absunt,</span> <span class='ocrx_word' id='word_1_147' title='bbox 313 1302 429 1339; x_wconf 87' lang='lat' dir='ltr'>quam</span> <span class='ocrx_word' id='word_1_148' title='bbox 458 1288 553 1326; x_wconf 89' lang='lat' dir='ltr'>alibi</span> <span class='ocrx_word' id='word_1_149' title='bbox 581 1302 694 1326; x_wconf 88' lang='lat' dir='ltr'>voces</span> <span class='ocrx_word' id='word_1_150' title='bbox 724 1289 908 1335; x_wconf 81' lang='lat' dir='ltr'>diversae3</span> <span class='ocrx_word' id='word_1_151' title='bbox 939 1292 985 1326; x_wconf 91' lang='lat' dir='ltr'>ut</span> <span class='ocrx_word' id='word_1_152' title='bbox 1010 1289 1149 1340; x_wconf 77' lang='lat' dir='ltr'>regula</span> <span class='ocrx_word' id='word_1_153' title='bbox 1178 1290 1288 1328; x_wconf 69' lang='lat' dir='ltr'>nulla</span> <span class='ocrx_word' id='word_1_154' title='bbox 1316 1294 1437 1340; x_wconf 79' lang='lat' dir='ltr'>extet,</span> <span class='ocrx_word' id='word_1_155' title='bbox 1463 1306 1591 1345; x_wconf 90' lang='lat' dir='ltr'>neque</span> 
     </span>
     <span class='ocr_line' id='line_1_19' title="bbox 124 1351 1592 1403; baseline 0.004 -14"><span class='ocrx_word' id='word_1_156' title='bbox 124 1351 210 1389; x_wconf 89' lang='lat' dir='ltr'>fieri</span> <span class='ocrx_word' id='word_1_157' title='bbox 228 1351 367 1403; x_wconf 87' lang='lat' dir='ltr'>possit,</span> <span class='ocrx_word' id='word_1_158' title='bbox 389 1355 435 1389; x_wconf 88' lang='lat' dir='ltr'>ut</span> <span class='ocrx_word' id='word_1_159' title='bbox 454 1351 496 1389; x_wconf 89' lang='lat' dir='ltr'>in</span> <span class='ocrx_word' id='word_1_160' title='bbox 515 1351 576 1390; x_wconf 89' lang='lat' dir='ltr'>his</span> <span class='ocrx_word' id='word_1_161' title='bbox 604 1364 843 1403; x_wconf 82' lang='lat' dir='ltr'>pergamena</span> <span class='ocrx_word' id='word_1_162' title='bbox 867 1365 1088 1403; x_wconf 85' lang='lat' dir='ltr'>sequamur.</span> <span class='ocrx_word' id='word_1_163' title='bbox 1146 1353 1298 1392; x_wconf 87' lang='lat' dir='ltr'>Incerti</span> <span class='ocrx_word' id='word_1_164' title='bbox 1318 1355 1437 1393; x_wconf 85' lang='lat' dir='ltr'>etiam</span> <span class='ocrx_word' id='word_1_165' title='bbox 1457 1369 1530 1395; x_wconf 89' lang='lat' dir='ltr'>nos</span> <span class='ocrx_word' id='word_1_166' title='bbox 1549 1358 1592 1396; x_wconf 88' lang='lat' dir='ltr'>in</span> 
     </span>
     <span class='ocr_line' id='line_1_20' title="bbox 123 1415 1590 1469; baseline 0.003 -15"><span class='ocrx_word' id='word_1_167' title='bbox 123 1415 196 1454; x_wconf 89' lang='lat' dir='ltr'>hac</span> <span class='ocrx_word' id='word_1_168' title='bbox 214 1429 258 1454; x_wconf 91' lang='lat' dir='ltr'>re</span> <span class='ocrx_word' id='word_1_169' title='bbox 282 1415 428 1454; x_wconf 81' lang='lat' dir='ltr'>versati</span> <span class='ocrx_word' id='word_1_170' title='bbox 451 1429 612 1462; x_wconf 86' lang='lat' dir='ltr'>sumus3</span> <span class='ocrx_word' id='word_1_171' title='bbox 643 1419 683 1453; x_wconf 92' lang='lat' dir='ltr'>et</span> <span class='ocrx_word' id='word_1_172' title='bbox 711 1416 778 1454; x_wconf 86' lang='lat' dir='ltr'>fol.</span> <span class='ocrx_word' id='word_1_173' title='bbox 801 1416 889 1454; x_wconf 88' lang='lat'>127.</span> <span class='ocrx_word' id='word_1_174' title='bbox 911 1429 944 1454; x_wconf 87' lang='lat' dir='ltr'>a.</span> <span class='ocrx_word' id='word_1_175' title='bbox 966 1417 1002 1454; x_wconf 87' lang='lat'>7.</span> <span class='ocrx_word' id='word_1_176' title='bbox 1023 1429 1130 1454; x_wconf 90' lang='lat' dir='ltr'>nunc</span> <span class='ocrx_word' id='word_1_177' title='bbox 1150 1418 1340 1468; x_wconf 63' lang='lat' dir='ltr'>byhpgeao</span> <span class='ocrx_word' id='word_1_178' title='bbox 1368 1419 1474 1469; x_wconf 90' lang='lat' dir='ltr'>quod</span> <span class='ocrx_word' id='word_1_179' title='bbox 1499 1421 1590 1460; x_wconf 90' lang='lat' dir='ltr'>sub-</span> 
     </span>
     <span class='ocr_line' id='line_1_21' title="bbox 123 1479 1591 1535; baseline 0.005 -19"><span class='ocrx_word' id='word_1_180' title='bbox 123 1479 296 1517; x_wconf 83' lang='lat' dir='ltr'>stantivo</span> <span class='ocrx_word' id='word_1_181' title='bbox 324 1480 492 1528; x_wconf 68' lang='lat' dir='ltr'>bigleopa</span> <span class='ocrx_word' id='word_1_182' title='bbox 516 1479 786 1530; x_wconf 86' lang='lat' dir='ltr'>responderet,</span> <span class='ocrx_word' id='word_1_183' title='bbox 810 1493 918 1517; x_wconf 88' lang='lat' dir='ltr'>nunc</span> <span class='ocrx_word' id='word_1_184' title='bbox 943 1479 995 1528; x_wconf 61' lang='lat' dir='ltr'>by</span> <span class='ocrx_word' id='word_1_185' title='bbox 1021 1481 1173 1529; x_wconf 59' lang='lat' dir='ltr'>hpgeao,</span> <span class='ocrx_word' id='word_1_186' title='bbox 1200 1485 1246 1518; x_wconf 91' lang='lat' dir='ltr'>ut</span> <span class='ocrx_word' id='word_1_187' title='bbox 1275 1481 1426 1533; x_wconf 77' lang='lat' dir='ltr'>ellipsis</span> <span class='ocrx_word' id='word_1_188' title='bbox 1448 1497 1591 1535; x_wconf 90' lang='lat' dir='ltr'>prono-</span> 
     </span>
     <span class='ocr_line' id='line_1_22' title="bbox 122 1541 1044 1593; baseline -0.001 -13"><span class='ocrx_word' id='word_1_189' title='bbox 122 1541 240 1580; x_wconf 86' lang='lat' dir='ltr'>minis</span> <span class='ocrx_word' id='word_1_190' title='bbox 259 1545 375 1589; x_wconf 91' lang='lat' dir='ltr'>esset‚</span> <span class='ocrx_word' id='word_1_191' title='bbox 395 1541 591 1580; x_wconf 77' lang='lat' dir='ltr'>voluimus</span> <span class='ocrx_word' id='word_1_192' title='bbox 609 1558 617 1579; x_wconf 92' lang='lat'><strong>:</strong></span> <span class='ocrx_word' id='word_1_193' title='bbox 638 1542 865 1593; x_wconf 86' lang='lat' dir='ltr'>pariterque</span> <span class='ocrx_word' id='word_1_194' title='bbox 885 1542 927 1579; x_wconf 87' lang='lat' dir='ltr'>in</span> <span class='ocrx_word' id='word_1_195' title='bbox 946 1541 1044 1580; x_wconf 82' lang='lat' dir='ltr'>aliis.</span> 
     </span>
    </p>

    <p class='ocr_par' dir='ltr' id='par_1_5' title="bbox 123 1604 1590 1719">
     <span class='ocr_line' id='line_1_23' title="bbox 175 1604 1590 1659; baseline 0.005 -17"><span class='ocrx_word' id='word_1_196' title='bbox 175 1605 261 1643; x_wconf 80' lang='lat' dir='ltr'>Fol.</span> <span class='ocrx_word' id='word_1_197' title='bbox 281 1606 371 1643; x_wconf 74' lang='lat'>104.</span> <span class='ocrx_word' id='word_1_198' title='bbox 385 1618 419 1643; x_wconf 88' lang='lat' dir='ltr'>a.</span> <span class='ocrx_word' id='word_1_199' title='bbox 437 1607 499 1643; x_wconf 94' lang='lat'>10.</span> <span class='ocrx_word' id='word_1_200' title='bbox 540 1604 677 1643; x_wconf 87' lang='lat' dir='ltr'>Dubia</span> <span class='ocrx_word' id='word_1_201' title='bbox 699 1604 897 1656; x_wconf 80' lang='lat' dir='ltr'>pericu1a3</span> <span class='ocrx_word' id='word_1_202' title='bbox 926 1604 1046 1642; x_wconf 86' lang='lat' dir='ltr'><strong>MSS.</strong></span> <span class='ocrx_word' id='word_1_203' title='bbox 1069 1604 1168 1656; x_wconf 81' lang='lat' dir='ltr'>Reg.</span> <span class='ocrx_word' id='word_1_204' title='bbox 1191 1607 1253 1644; x_wconf 86' lang='lat'>13.</span> <span class='ocrx_word' id='word_1_205' title='bbox 1269 1607 1318 1644; x_wconf 80' lang='lat' dir='ltr'>A.</span> <span class='ocrx_word' id='word_1_206' title='bbox 1334 1608 1369 1654; x_wconf 87' lang='lat'>1,</span> <span class='ocrx_word' id='word_1_207' title='bbox 1392 1609 1453 1646; x_wconf 88' lang='lat'>12.</span> <span class='ocrx_word' id='word_1_208' title='bbox 1470 1608 1513 1647; x_wconf 86' lang='lat' dir='ltr'>C.</span> <span class='ocrx_word' id='word_1_209' title='bbox 1528 1610 1590 1659; x_wconf 89' lang='lat' dir='ltr'>iv.‚</span> 
     </span>
     <span class='ocr_line' id='line_1_24' title="bbox 123 1667 370 1719; baseline -0.004 -13"><span class='ocrx_word' id='word_1_210' title='bbox 123 1682 195 1719; x_wconf 79' lang='lat' dir='ltr'>que</span> <span class='ocrx_word' id='word_1_211' title='bbox 213 1667 370 1706; x_wconf 88' lang='lat' dir='ltr'>omisso.</span> 
     </span>
    </p>

    <p class='ocr_par' dir='ltr' id='par_1_6' title="bbox 122 1731 1589 1904">
     <span class='ocr_line' id='line_1_25' title="bbox 176 1731 1589 1783; baseline 0.004 -15"><span class='ocrx_word' id='word_1_212' title='bbox 176 1731 366 1769; x_wconf 76' lang='lat' dir='ltr'>F01.104.</span> <span class='ocrx_word' id='word_1_213' title='bbox 380 1744 413 1769; x_wconf 85' lang='lat' dir='ltr'>a.</span> <span class='ocrx_word' id='word_1_214' title='bbox 428 1732 489 1768; x_wconf 85' lang='lat'>16.</span> <span class='ocrx_word' id='word_1_215' title='bbox 510 1742 792 1780; x_wconf 68' lang='lat' dir='ltr'>gesecenisJ-um</span> <span class='ocrx_word' id='word_1_216' title='bbox 805 1731 894 1768; x_wconf 88' lang='lat' dir='ltr'>Lat.</span> <span class='ocrx_word' id='word_1_217' title='bbox 918 1736 1035 1778; x_wconf 70' lang='lat' dir='ltr'>stata,</span> <span class='ocrx_word' id='word_1_218' title='bbox 1056 1731 1104 1770; x_wconf 88' lang='lat' dir='ltr'>iis</span> <span class='ocrx_word' id='word_1_219' title='bbox 1124 1732 1286 1780; x_wconf 86' lang='lat' dir='ltr'>accedit,</span> <span class='ocrx_word' id='word_1_220' title='bbox 1308 1747 1393 1783; x_wconf 86' lang='lat' dir='ltr'>quae</span> <span class='ocrx_word' id='word_1_221' title='bbox 1414 1734 1589 1775; x_wconf 81' lang='lat' dir='ltr'>dativum</span> 
     </span>
     <span class='ocr_line' id='line_1_26' title="bbox 123 1794 1588 1849; baseline 0.003 -17"><span class='ocrx_word' id='word_1_222' title='bbox 123 1794 364 1845; x_wconf 75' lang='lat' dir='ltr'>singularem</span> <span class='ocrx_word' id='word_1_223' title='bbox 384 1794 426 1831; x_wconf 89' lang='lat' dir='ltr'>in</span> <span class='ocrx_word' id='word_1_224' title='bbox 446 1808 530 1832; x_wconf 87' lang='lat' dir='ltr'>-um</span> <span class='ocrx_word' id='word_1_225' title='bbox 549 1794 771 1846; x_wconf 87' lang='lat' dir='ltr'>antiquitus</span> <span class='ocrx_word' id='word_1_226' title='bbox 790 1794 932 1832; x_wconf 78' lang='lat' dir='ltr'>exiisse</span> <span class='ocrx_word' id='word_1_227' title='bbox 951 1794 1141 1833; x_wconf 86' lang='lat' dir='ltr'>indicant.</span> <span class='ocrx_word' id='word_1_228' title='bbox 1182 1795 1287 1834; x_wconf 86' lang='lat' dir='ltr'>Vide</span> <span class='ocrx_word' id='word_1_229' title='bbox 1300 1800 1341 1834; x_wconf 90' lang='lat' dir='ltr'>et</span> <span class='ocrx_word' id='word_1_230' title='bbox 1359 1799 1588 1849; x_wconf 67' lang='lat' dir='ltr'>gemynbum</span> 
     </span>
     <span class='ocr_line' id='line_1_27' title="bbox 122 1856 627 1904; baseline -0.002 -9"><span class='ocrx_word' id='word_1_231' title='bbox 122 1859 314 1904; x_wconf 77' lang='lat' dir='ltr'>memoria,</span> <span class='ocrx_word' id='word_1_232' title='bbox 334 1857 401 1895; x_wconf 89' lang='lat' dir='ltr'>fol.</span> <span class='ocrx_word' id='word_1_233' title='bbox 424 1859 512 1894; x_wconf 65' lang='lat'>104.</span> <span class='ocrx_word' id='word_1_234' title='bbox 533 1856 570 1895; x_wconf 91' lang='lat' dir='ltr'>b.</span> <span class='ocrx_word' id='word_1_235' title='bbox 592 1859 627 1895; x_wconf 87' lang='grc'>8.</span> 
     </span>
    </p>

    <p class='ocr_par' dir='ltr' id='par_1_7' title="bbox 119 1921 1588 2352">
     <span class='ocr_line' id='line_1_28' title="bbox 175 1921 1587 1974; baseline 0.004 -15"><span class='ocrx_word' id='word_1_236' title='bbox 175 1922 260 1960; x_wconf 85' lang='lat' dir='ltr'>Fol.</span> <span class='ocrx_word' id='word_1_237' title='bbox 291 1924 380 1959; x_wconf 81' lang='lat'>104.</span> <span class='ocrx_word' id='word_1_238' title='bbox 397 1934 430 1959; x_wconf 86' lang='lat' dir='ltr'>a.</span> <span class='ocrx_word' id='word_1_239' title='bbox 457 1923 519 1958; x_wconf 87' lang='lat'>20.</span> <span class='ocrx_word' id='word_1_240' title='bbox 544 1921 645 1959; x_wconf 83' lang='lat' dir='ltr'>Tota</span> <span class='ocrx_word' id='word_1_241' title='bbox 673 1921 874 1959; x_wconf 85' lang='lat' dir='ltr'>sententia</span> <span class='ocrx_word' id='word_1_242' title='bbox 900 1922 1001 1959; x_wconf 88' lang='lat' dir='ltr'>male</span> <span class='ocrx_word' id='word_1_243' title='bbox 1030 1926 1221 1973; x_wconf 85' lang='lat' dir='ltr'>concepta</span> <span class='ocrx_word' id='word_1_244' title='bbox 1248 1926 1368 1974; x_wconf 87' lang='lat' dir='ltr'>atque</span> <span class='ocrx_word' id='word_1_245' title='bbox 1396 1925 1587 1965; x_wconf 85' lang='lat' dir='ltr'>ordinata.</span> 
     </span>
     <span class='ocr_line' id='line_1_29' title="bbox 122 1984 1588 2037; baseline 0.003 -14"><span class='ocrx_word' id='word_1_246' title='bbox 122 1985 278 2023; x_wconf 84' lang='lat' dir='ltr'>Latinis</span> <span class='ocrx_word' id='word_1_247' title='bbox 307 1984 468 2036; x_wconf 79' lang='lat' dir='ltr'>“possit</span> <span class='ocrx_word' id='word_1_248' title='bbox 496 1984 718 2022; x_wconf 84' lang='lat' dir='ltr'>accedere”</span> <span class='ocrx_word' id='word_1_249' title='bbox 750 1998 836 2036; x_wconf 81' lang='lat' dir='ltr'>quae</span> <span class='ocrx_word' id='word_1_250' title='bbox 863 1985 1131 2035; x_wconf 82' lang='lat' dir='ltr'>respondeant</span> <span class='ocrx_word' id='word_1_251' title='bbox 1168 1985 1211 2023; x_wconf 85' lang='lat' dir='ltr'>in</span> <span class='ocrx_word' id='word_1_252' title='bbox 1242 1986 1424 2037; x_wconf 85' lang='lat' dir='ltr'>Anglicis</span> <span class='ocrx_word' id='word_1_253' title='bbox 1453 1988 1588 2028; x_wconf 87' lang='lat' dir='ltr'>deesse</span> 
     </span>
     <span class='ocr_line' id='line_1_30' title="bbox 119 2049 1588 2101; baseline 0.003 -13"><span class='ocrx_word' id='word_1_254' title='bbox 119 2049 316 2088; x_wconf 80' lang='lat' dir='ltr'>videntur.</span> <span class='ocrx_word' id='word_1_255' title='bbox 373 2049 592 2088; x_wconf 83' lang='lat' dir='ltr'>Manifesto</span> <span class='ocrx_word' id='word_1_256' title='bbox 619 2053 752 2087; x_wconf 87' lang='lat' dir='ltr'>autem</span> <span class='ocrx_word' id='word_1_257' title='bbox 778 2063 849 2101; x_wconf 88' lang='lat' dir='ltr'>pro</span> <span class='ocrx_word' id='word_1_258' title='bbox 874 2051 1030 2087; x_wconf 75' lang='lat' dir='ltr'>abaebab</span> <span class='ocrx_word' id='word_1_259' title='bbox 1056 2049 1268 2101; x_wconf 85' lang='lat' dir='ltr'>legendum</span> <span class='ocrx_word' id='word_1_260' title='bbox 1295 2053 1464 2101; x_wconf 61' lang='lat' dir='ltr'>abaebao,</span> <span class='ocrx_word' id='word_1_261' title='bbox 1491 2057 1588 2092; x_wconf 77' lang='lat' dir='ltr'>“ex-</span> 
     </span>
     <span class='ocr_line' id='line_1_31' title="bbox 119 2112 1588 2164; baseline 0.003 -13"><span class='ocrx_word' id='word_1_262' title='bbox 119 2112 337 2164; x_wconf 68' lang='lat' dir='ltr'>postulet&#39;’</span> <span class='ocrx_word' id='word_1_263' title='bbox 412 2112 562 2150; x_wconf 83' lang='lat' dir='ltr'>Eadem</span> <span class='ocrx_word' id='word_1_264' title='bbox 598 2112 752 2150; x_wconf 85' lang='lat' dir='ltr'>medela</span> <span class='ocrx_word' id='word_1_265' title='bbox 787 2112 830 2150; x_wconf 83' lang='lat' dir='ltr'>in</span> <span class='ocrx_word' id='word_1_266' title='bbox 866 2112 953 2150; x_wconf 89' lang='lat' dir='ltr'>loco</span> <span class='ocrx_word' id='word_1_267' title='bbox 987 2112 1210 2151; x_wconf 82' lang='lat' dir='ltr'>Caedmom&#39;s</span> <span class='ocrx_word' id='word_1_268' title='bbox 1247 2113 1480 2163; x_wconf 83' lang='lat' dir='ltr'>adhibenda,</span> <span class='ocrx_word' id='word_1_269' title='bbox 1518 2117 1588 2155; x_wconf 90' lang='lat' dir='ltr'>ubi</span> 
     </span>
     <span class='ocr_line' id='line_1_32' title="bbox 121 2175 1588 2228; baseline 0.003 -14"><span class='ocrx_word' id='word_1_270' title='bbox 121 2176 317 2228; x_wconf 83' lang='lat' dir='ltr'>Thorpius</span> <span class='ocrx_word' id='word_1_271' title='bbox 336 2175 480 2226; x_wconf 82' lang='lat' dir='ltr'>aliique</span> <span class='ocrx_word' id='word_1_272' title='bbox 508 2188 554 2213; x_wconf 84' lang='lat' dir='ltr'>ea</span> <span class='ocrx_word' id='word_1_273' title='bbox 581 2175 959 2227; x_wconf 80' lang='lat' dir='ltr'>interpretabantur,</span> <span class='ocrx_word' id='word_1_274' title='bbox 988 2189 1073 2226; x_wconf 83' lang='lat' dir='ltr'>quae</span> <span class='ocrx_word' id='word_1_275' title='bbox 1100 2190 1260 2215; x_wconf 85' lang='lat' dir='ltr'>sensum</span> <span class='ocrx_word' id='word_1_276' title='bbox 1288 2178 1443 2216; x_wconf 81' lang='lat' dir='ltr'>nullum</span> <span class='ocrx_word' id='word_1_277' title='bbox 1472 2179 1588 2219; x_wconf 89' lang='lat' dir='ltr'>habe-</span> 
     </span>
     <span class='ocr_line' id='line_1_33' title="bbox 119 2239 621 2290; baseline -0.004 -12"><span class='ocrx_word' id='word_1_278' title='bbox 119 2241 227 2278; x_wconf 83' lang='lat' dir='ltr'>bant.</span> <span class='ocrx_word' id='word_1_279' title='bbox 284 2239 517 2290; x_wconf 85' lang='lat' dir='ltr'>Legendum</span> <span class='ocrx_word' id='word_1_280' title='bbox 537 2243 621 2276; x_wconf 87' lang='lat' dir='ltr'>erat</span> 
     </span>
     <span class='ocr_line' id='line_1_34' title="bbox 129 2301 1003 2352; baseline 0.002 -15"><span class='ocrx_word' id='word_1_281' title='bbox 129 2313 132 2316; x_wconf 70' lang='grc'>’</span> <span class='ocrx_word' id='word_1_282' title='bbox 544 2301 623 2351; x_wconf 79' lang='lat' dir='ltr'>AEp</span> <span class='ocrx_word' id='word_1_283' title='bbox 642 2303 718 2338; x_wconf 59' lang='lat' dir='ltr'>Bon</span> <span class='ocrx_word' id='word_1_284' title='bbox 739 2303 853 2352; x_wconf 72' lang='lat' dir='ltr'>engla</span> <span class='ocrx_word' id='word_1_285' title='bbox 872 2303 1003 2351; x_wconf 57' lang='lat' dir='ltr'>peapss.</span> 
     </span>
    </p>

    <p class='ocr_par' dir='ltr' id='par_1_8' title="bbox 543 2366 858 2416">
     <span class='ocr_line' id='line_1_35' title="bbox 543 2366 858 2416; baseline 0 -14"><span class='ocrx_word' id='word_1_286' title='bbox 543 2379 612 2414; x_wconf 70' lang='lat' dir='ltr'>pop</span> <span class='ocrx_word' id='word_1_287' title='bbox 633 2366 858 2416; x_wconf 65' lang='lat' dir='ltr'>opephygbe.</span> 
     </span>
    </p>

    <p class='ocr_par' dir='ltr' id='par_1_9' title="bbox 119 2430 1588 2734">
     <span class='ocr_line' id='line_1_36' title="bbox 545 2430 886 2479; baseline 0 -13"><span class='ocrx_word' id='word_1_288' title='bbox 545 2430 619 2466; x_wconf 65' lang='lat' dir='ltr'>bael</span> <span class='ocrx_word' id='word_1_289' title='bbox 639 2443 688 2466; x_wconf 92' lang='lat' dir='ltr'>on</span> <span class='ocrx_word' id='word_1_290' title='bbox 707 2430 886 2479; x_wconf 67' lang='lat' dir='ltr'>gebpllbe.</span> 
     </span>
     <span class='ocr_line' id='line_1_37' title="bbox 120 2490 1587 2542; baseline 0.003 -13"><span class='ocrx_word' id='word_1_291' title='bbox 120 2493 254 2529; x_wconf 75' lang='lat' dir='ltr'>Donec</span> <span class='ocrx_word' id='word_1_292' title='bbox 283 2491 504 2542; x_wconf 75' lang='lat' dir='ltr'>anqelorum</span> <span class='ocrx_word' id='word_1_293' title='bbox 519 2503 619 2541; x_wconf 72' lang='lat' dir='ltr'>pars</span> <span class='ocrx_word' id='word_1_294' title='bbox 642 2490 686 2528; x_wconf 87' lang='lat' dir='ltr'>ob</span> <span class='ocrx_word' id='word_1_295' title='bbox 714 2491 930 2541; x_wconf 78' lang='lat' dir='ltr'>superbiam</span> <span class='ocrx_word' id='word_1_296' title='bbox 962 2490 1005 2527; x_wconf 78' lang='lat' dir='ltr'>in</span> <span class='ocrx_word' id='word_1_297' title='bbox 1027 2503 1195 2528; x_wconf 73' lang='lat' dir='ltr'>errorem</span> <span class='ocrx_word' id='word_1_298' title='bbox 1226 2491 1334 2542; x_wconf 76' lang='lat' dir='ltr'>lapsa</span> <span class='ocrx_word' id='word_1_299' title='bbox 1363 2498 1431 2531; x_wconf 68' lang='lat' dir='ltr'>est.</span> <span class='ocrx_word' id='word_1_300' title='bbox 1488 2493 1587 2533; x_wconf 73' lang='lat' dir='ltr'>Ver-</span> 
     </span>
     <span class='ocr_line' id='line_1_38' title="bbox 119 2552 1588 2609; baseline 0.002 -16"><span class='ocrx_word' id='word_1_301' title='bbox 119 2556 215 2594; x_wconf 84' lang='lat' dir='ltr'>bum</span> <span class='ocrx_word' id='word_1_302' title='bbox 234 2558 367 2593; x_wconf 87' lang='lat' dir='ltr'>autem</span> <span class='ocrx_word' id='word_1_303' title='bbox 392 2555 530 2591; x_wconf 78' lang='lat' dir='ltr'>baeban</span> <span class='ocrx_word' id='word_1_304' title='bbox 557 2553 770 2605; x_wconf 84' lang='lat' dir='ltr'>aliquando</span> <span class='ocrx_word' id='word_1_305' title='bbox 795 2557 842 2591; x_wconf 87' lang='lat' dir='ltr'>ut</span> <span class='ocrx_word' id='word_1_306' title='bbox 868 2553 911 2591; x_wconf 90' lang='lat' dir='ltr'>in</span> <span class='ocrx_word' id='word_1_307' title='bbox 937 2552 1204 2593; x_wconf 81' lang='lat' dir='ltr'>Beowulfanis</span> <span class='ocrx_word' id='word_1_308' title='bbox 1225 2569 1365 2606; x_wconf 70' lang='lat' dir='ltr'>eoqere,</span> <span class='ocrx_word' id='word_1_309' title='bbox 1387 2561 1424 2595; x_wconf 81' lang='lat' dir='ltr'>to</span> <span class='ocrx_word' id='word_1_310' title='bbox 1445 2559 1588 2609; x_wconf 76' lang='lat' dir='ltr'>eompel</span> 
     </span>
     <span class='ocr_line' id='line_1_39' title="bbox 121 2616 1586 2672; baseline 0.003 -16"><span class='ocrx_word' id='word_1_311' title='bbox 121 2617 330 2669; x_wconf 87' lang='lat' dir='ltr'>significat,</span> <span class='ocrx_word' id='word_1_312' title='bbox 357 2617 462 2668; x_wconf 90' lang='lat' dir='ltr'>quod</span> <span class='ocrx_word' id='word_1_313' title='bbox 489 2616 700 2655; x_wconf 88' lang='lat' dir='ltr'>Kemblius</span> <span class='ocrx_word' id='word_1_314' title='bbox 727 2616 950 2668; x_wconf 77' lang='lat' dir='ltr'>compellere</span> <span class='ocrx_word' id='word_1_315' title='bbox 975 2616 1100 2655; x_wconf 80' lang='lat' dir='ltr'>dixit:</span> <span class='ocrx_word' id='word_1_316' title='bbox 1133 2617 1192 2656; x_wconf 88' lang='lat' dir='ltr'>Cf.</span> <span class='ocrx_word' id='word_1_317' title='bbox 1222 2620 1428 2667; x_wconf 66' lang='lat' dir='ltr'>gebaeban:</span> <span class='ocrx_word' id='word_1_318' title='bbox 1458 2633 1586 2672; x_wconf 84' lang='lat' dir='ltr'>neque</span> 
     </span>
     <span class='ocr_line' id='line_1_40' title="bbox 120 2680 1512 2734; baseline 0.001 -14"><span class='ocrx_word' id='word_1_319' title='bbox 120 2687 254 2720; x_wconf 86' lang='lat' dir='ltr'>tamen</span> <span class='ocrx_word' id='word_1_320' title='bbox 273 2694 296 2718; x_wconf 87' lang='lat' dir='ltr'>a</span> <span class='ocrx_word' id='word_1_321' title='bbox 313 2682 454 2718; x_wconf 76' lang='lat' dir='ltr'>bibban</span> <span class='ocrx_word' id='word_1_322' title='bbox 473 2680 644 2718; x_wconf 86' lang='lat' dir='ltr'>multum</span> <span class='ocrx_word' id='word_1_323' title='bbox 666 2680 808 2727; x_wconf 82' lang='lat' dir='ltr'>differt,</span> <span class='ocrx_word' id='word_1_324' title='bbox 830 2684 875 2718; x_wconf 89' lang='lat' dir='ltr'>ut-</span> <span class='ocrx_word' id='word_1_325' title='bbox 886 2694 1058 2731; x_wconf 79' lang='lat' dir='ltr'>poscere,</span> <span class='ocrx_word' id='word_1_326' title='bbox 1070 2681 1285 2731; x_wconf 77' lang='lat' dir='ltr'>postulare,</span> <span class='ocrx_word' id='word_1_327' title='bbox 1307 2682 1512 2734; x_wconf 85' lang='lat' dir='ltr'>significet.</span> 
     </span>
    </p>

    <p class='ocr_par' dir='ltr' id='par_1_10' title="bbox 175 2743 1583 2795">
     <span class='ocr_line' id='line_1_41' title="bbox 175 2743 1583 2795; baseline 0.002 -13"><span class='ocrx_word' id='word_1_328' title='bbox 175 2744 690 2794; x_wconf 65' lang='lat' dir='ltr'>F01.104.b.14.1neellige</span> <span class='ocrx_word' id='word_1_329' title='bbox 710 2749 924 2791; x_wconf 74' lang='lat' dir='ltr'>aeceopenb.</span> <span class='ocrx_word' id='word_1_330' title='bbox 957 2743 1063 2782; x_wconf 82' lang='lat' dir='ltr'>Fieri</span> <span class='ocrx_word' id='word_1_331' title='bbox 1083 2745 1216 2795; x_wconf 89' lang='lat' dir='ltr'>potuit</span> <span class='ocrx_word' id='word_1_332' title='bbox 1237 2750 1280 2784; x_wconf 88' lang='lat' dir='ltr'>ut</span> <span class='ocrx_word' id='word_1_333' title='bbox 1300 2746 1382 2785; x_wconf 87' lang='lat' dir='ltr'>haec</span> <span class='ocrx_word' id='word_1_334' title='bbox 1402 2749 1583 2793; x_wconf 84' lang='lat' dir='ltr'>mutatio,</span> 
     </span>
    </p>
   </div>
  </div>
 </body>
</html>
