<?xml version="1.0" encoding="UTF-8"?>
<!DOCTYPE html PUBLIC "-//W3C//DTD XHTML 1.0 Transitional//EN"
    "http://www.w3.org/TR/xhtml1/DTD/xhtml1-transitional.dtd">
<html xmlns="http://www.w3.org/1999/xhtml" xml:lang="en" lang="en">
 <head>
  <title>
</title>
<meta http-equiv="Content-Type" content="text/html;charset=utf-8" />
  <meta name='ocr-system' content='tesseract 3.04.00' />
  <meta name='ocr-capabilities' content='ocr_page ocr_carea ocr_par ocr_line ocrx_word'/>
</head>
<body>
  <div class='ocr_page' id='page_1' title='image "./narratiunculaean00cockuoft/narratiunculaean00cockuoft_0065.png"; bbox 0 0 1734 3115; ppageno 0'>
   <div class='ocr_carea' id='block_1_1' title="bbox 389 168 1641 203">
    <p class='ocr_par' dir='ltr' id='par_1_1' title="bbox 389 168 1641 203">
     <span class='ocr_line' id='line_1_1' title="bbox 389 168 1641 203; baseline 0.006 -7"><span class='ocrx_word' id='word_1_1' title='bbox 389 169 617 198; x_wconf 81' lang='lat' dir='ltr'>EPISTOLA</span> <span class='ocrx_word' id='word_1_2' title='bbox 640 171 924 201; x_wconf 79' lang='lat' dir='ltr'>ALEXANDRI</span> <span class='ocrx_word' id='word_1_3' title='bbox 950 175 1014 201; x_wconf 83' lang='lat' dir='ltr'>AD</span> <span class='ocrx_word' id='word_1_4' title='bbox 1039 175 1386 202; x_wconf 73' lang='lat' dir='ltr'><strong>ARISTOTELEM.</strong></span> <span class='ocrx_word' id='word_1_5' title='bbox 1595 168 1641 203; x_wconf 74' lang='lat' dir='ltr'>Ol</span> 
     </span>
    </p>
   </div>
   <div class='ocr_carea' id='block_1_2' title="bbox 426 545 1396 601">
    <p class='ocr_par' dir='ltr' id='par_1_2' title="bbox 426 545 1396 601">
     <span class='ocr_line' id='line_1_2' title="bbox 426 545 1396 601; baseline 0.002 -9"><span class='ocrx_word' id='word_1_6' title='bbox 426 545 526 592; x_wconf 88' lang='lat' dir='ltr'>MS.</span> <span class='ocrx_word' id='word_1_7' title='bbox 555 546 677 593; x_wconf 84' lang='lat' dir='ltr'>Cott.</span> <span class='ocrx_word' id='word_1_8' title='bbox 707 547 844 601; x_wconf 87' lang='lat' dir='ltr'>Nero,</span> <span class='ocrx_word' id='word_1_9' title='bbox 870 546 928 593; x_wconf 90' lang='lat' dir='ltr'>D.</span> <span class='ocrx_word' id='word_1_10' title='bbox 958 546 1088 593; x_wconf 87' lang='lat' dir='ltr'>VIII.</span> <span class='ocrx_word' id='word_1_11' title='bbox 1116 546 1189 593; x_wconf 89' lang='lat' dir='ltr'>fol.</span> <span class='ocrx_word' id='word_1_12' title='bbox 1221 549 1329 594; x_wconf 83' lang='lat'>169.</span> <span class='ocrx_word' id='word_1_13' title='bbox 1357 565 1396 594; x_wconf 86' lang='lat' dir='ltr'>a.</span> 
     </span>
    </p>
   </div>
   <div class='ocr_carea' id='block_1_3' title="bbox 161 721 1647 2811">
    <p class='ocr_par' dir='ltr' id='par_1_3' title="bbox 161 721 1647 2758">
     <span class='ocr_line' id='line_1_3' title="bbox 232 721 1644 774; baseline 0.001 -15"><span class='ocrx_word' id='word_1_14' title='bbox 232 721 396 773; x_wconf 83' lang='lat' dir='ltr'>Semper</span> <span class='ocrx_word' id='word_1_15' title='bbox 421 735 571 760; x_wconf 89' lang='lat' dir='ltr'>memor</span> <span class='ocrx_word' id='word_1_16' title='bbox 595 721 655 759; x_wconf 84' lang='lat' dir='ltr'>tui</span> <span class='ocrx_word' id='word_1_17' title='bbox 684 721 803 759; x_wconf 87' lang='lat' dir='ltr'>etiam</span> <span class='ocrx_word' id='word_1_18' title='bbox 832 721 940 759; x_wconf 90' lang='lat' dir='ltr'>inter</span> <span class='ocrx_word' id='word_1_19' title='bbox 969 721 1089 760; x_wconf 87' lang='lat' dir='ltr'>dubia</span> <span class='ocrx_word' id='word_1_20' title='bbox 1117 722 1390 774; x_wconf 87' lang='lat' dir='ltr'>bellorumque</span> <span class='ocrx_word' id='word_1_21' title='bbox 1418 727 1644 761; x_wconf 88' lang='lat' dir='ltr'>nostrorum</span> 
     </span>
     <span class='ocr_line' id='line_1_4' title="bbox 178 785 1645 836; baseline 0.001 -13"><span class='ocrx_word' id='word_1_22' title='bbox 178 785 362 836; x_wconf 84' lang='lat' dir='ltr'>pericula,</span> <span class='ocrx_word' id='word_1_23' title='bbox 379 786 583 824; x_wconf 78' lang='lat' dir='ltr'>karissime</span> <span class='ocrx_word' id='word_1_24' title='bbox 597 789 828 836; x_wconf 87' lang='lat' dir='ltr'>praeceptor,</span> <span class='ocrx_word' id='word_1_25' title='bbox 848 798 893 823; x_wconf 87' lang='lat' dir='ltr'>ac</span> <span class='ocrx_word' id='word_1_26' title='bbox 913 785 1130 822; x_wconf 87' lang='lat' dir='ltr'>secundum</span> <span class='ocrx_word' id='word_1_27' title='bbox 1151 790 1318 824; x_wconf 82' lang='lat' dir='ltr'>matrem</span> <span class='ocrx_word' id='word_1_28' title='bbox 1334 800 1460 824; x_wconf 90' lang='lat' dir='ltr'>meam</span> <span class='ocrx_word' id='word_1_29' title='bbox 1477 801 1645 825; x_wconf 86' lang='lat' dir='ltr'>sorores-</span> 
     </span>
     <span class='ocr_line' id='line_1_5' title="bbox 177 848 1645 902; baseline 0.002 -16"><span class='ocrx_word' id='word_1_30' title='bbox 177 862 254 899; x_wconf 88' lang='lat' dir='ltr'>que</span> <span class='ocrx_word' id='word_1_31' title='bbox 273 862 391 895; x_wconf 90' lang='lat' dir='ltr'>meas,</span> <span class='ocrx_word' id='word_1_32' title='bbox 412 849 696 900; x_wconf 73' lang='lat' dir='ltr'>acceptissime,</span> <span class='ocrx_word' id='word_1_33' title='bbox 718 852 759 886; x_wconf 91' lang='lat' dir='ltr'>et</span> <span class='ocrx_word' id='word_1_34' title='bbox 778 862 902 899; x_wconf 89' lang='lat' dir='ltr'>quum</span> <span class='ocrx_word' id='word_1_35' title='bbox 922 852 961 886; x_wconf 89' lang='lat' dir='ltr'>te</span> <span class='ocrx_word' id='word_1_36' title='bbox 983 848 1161 887; x_wconf 88' lang='lat' dir='ltr'>deditum</span> <span class='ocrx_word' id='word_1_37' title='bbox 1182 849 1440 902; x_wconf 84' lang='lat' dir='ltr'>philosophiae</span> <span class='ocrx_word' id='word_1_38' title='bbox 1459 864 1645 889; x_wconf 80' lang='lat' dir='ltr'>noveram</span> 
     </span>
     <span class='ocr_line' id='line_1_6' title="bbox 175 912 1644 963; baseline 0.003 -14"><span class='ocrx_word' id='word_1_39' title='bbox 175 912 428 950; x_wconf 87' lang='lat' dir='ltr'>scribendum</span> <span class='ocrx_word' id='word_1_40' title='bbox 450 912 525 950; x_wconf 88' lang='lat' dir='ltr'>tibi</span> <span class='ocrx_word' id='word_1_41' title='bbox 545 913 682 963; x_wconf 80' lang='lat' dir='ltr'>putavi</span> <span class='ocrx_word' id='word_1_42' title='bbox 703 912 750 950; x_wconf 91' lang='lat' dir='ltr'>de</span> <span class='ocrx_word' id='word_1_43' title='bbox 773 912 1002 963; x_wconf 83' lang='lat' dir='ltr'>regionibus</span> <span class='ocrx_word' id='word_1_44' title='bbox 1026 913 1133 951; x_wconf 89' lang='lat' dir='ltr'>indie</span> <span class='ocrx_word' id='word_1_45' title='bbox 1157 926 1201 951; x_wconf 88' lang='lat' dir='ltr'>ac</span> <span class='ocrx_word' id='word_1_46' title='bbox 1221 913 1268 951; x_wconf 93' lang='lat' dir='ltr'>de</span> <span class='ocrx_word' id='word_1_47' title='bbox 1289 917 1399 952; x_wconf 78' lang='lat' dir='ltr'>statu</span> <span class='ocrx_word' id='word_1_48' title='bbox 1422 915 1510 953; x_wconf 83' lang='lat' dir='ltr'>coeli</span> <span class='ocrx_word' id='word_1_49' title='bbox 1529 915 1644 952; x_wconf 91' lang='lat' dir='ltr'>innu-</span> 
     </span>
     <span class='ocr_line' id='line_1_7' title="bbox 175 976 1646 1029; baseline 0.002 -15"><span class='ocrx_word' id='word_1_50' title='bbox 175 976 371 1027; x_wconf 88' lang='lat' dir='ltr'>merisque</span> <span class='ocrx_word' id='word_1_51' title='bbox 392 981 620 1028; x_wconf 74' lang='lat' dir='ltr'>serpentum</span> <span class='ocrx_word' id='word_1_52' title='bbox 641 980 682 1014; x_wconf 91' lang='lat' dir='ltr'>et</span> <span class='ocrx_word' id='word_1_53' title='bbox 702 977 906 1015; x_wconf 88' lang='lat' dir='ltr'>hominum</span> <span class='ocrx_word' id='word_1_54' title='bbox 920 976 1171 1028; x_wconf 84' lang='lat' dir='ltr'>ferarumque</span> <span class='ocrx_word' id='word_1_55' title='bbox 1191 979 1405 1029; x_wconf 87' lang='lat' dir='ltr'>generibus</span> <span class='ocrx_word' id='word_1_56' title='bbox 1422 979 1646 1017; x_wconf 74' lang='lat' dir='ltr'>existimaui</span> 
     </span>
     <span class='ocr_line' id='line_1_8' title="bbox 173 1040 1645 1095; baseline 0.003 -17"><span class='ocrx_word' id='word_1_57' title='bbox 173 1044 221 1078; x_wconf 90' lang='lat' dir='ltr'>ut</span> <span class='ocrx_word' id='word_1_58' title='bbox 239 1040 387 1091; x_wconf 88' lang='lat' dir='ltr'>aliquid</span> <span class='ocrx_word' id='word_1_59' title='bbox 405 1054 477 1092; x_wconf 87' lang='lat' dir='ltr'>per</span> <span class='ocrx_word' id='word_1_60' title='bbox 495 1054 686 1078; x_wconf 86' lang='lat' dir='ltr'>nouarum</span> <span class='ocrx_word' id='word_1_61' title='bbox 702 1054 834 1078; x_wconf 88' lang='lat' dir='ltr'>rerum</span> <span class='ocrx_word' id='word_1_62' title='bbox 851 1041 1117 1091; x_wconf 88' lang='lat' dir='ltr'>coguitionem</span> <span class='ocrx_word' id='word_1_63' title='bbox 1133 1042 1266 1080; x_wconf 89' lang='lat' dir='ltr'>studio</span> <span class='ocrx_word' id='word_1_64' title='bbox 1286 1045 1327 1080; x_wconf 87' lang='lat' dir='ltr'>et</span> <span class='ocrx_word' id='word_1_65' title='bbox 1342 1041 1502 1093; x_wconf 80' lang='lat' dir='ltr'>ingenio</span> <span class='ocrx_word' id='word_1_66' title='bbox 1518 1044 1645 1095; x_wconf 85' lang='lat' dir='ltr'>possit</span> 
     </span>
     <span class='ocr_line' id='line_1_9' title="bbox 174 1105 1647 1158; baseline 0.001 -15"><span class='ocrx_word' id='word_1_67' title='bbox 174 1105 357 1143; x_wconf 78' lang='lat' dir='ltr'>accedere</span> <span class='ocrx_word' id='word_1_68' title='bbox 386 1106 455 1156; x_wconf 79' lang='lat' dir='ltr'>[acl</span> <span class='ocrx_word' id='word_1_69' title='bbox 468 1106 548 1155; x_wconf 81' lang='lat' dir='ltr'>fol.</span> <span class='ocrx_word' id='word_1_70' title='bbox 572 1108 647 1143; x_wconf 72' lang='lat'>104</span> <span class='ocrx_word' id='word_1_71' title='bbox 668 1105 720 1155; x_wconf 79' lang='lat' dir='ltr'>h.]</span> <span class='ocrx_word' id='word_1_72' title='bbox 750 1119 973 1156; x_wconf 78' lang='lat' dir='ltr'>quanquam</span> <span class='ocrx_word' id='word_1_73' title='bbox 994 1105 1037 1143; x_wconf 88' lang='lat' dir='ltr'>in</span> <span class='ocrx_word' id='word_1_74' title='bbox 1063 1110 1105 1144; x_wconf 89' lang='lat' dir='ltr'>te</span> <span class='ocrx_word' id='word_1_75' title='bbox 1135 1113 1407 1144; x_wconf 86' lang='lat' dir='ltr'>consummata</span> <span class='ocrx_word' id='word_1_76' title='bbox 1434 1107 1647 1158; x_wconf 88' lang='lat' dir='ltr'>prudentia</span> 
     </span>
     <span class='ocr_line' id='line_1_10' title="bbox 172 1169 1645 1220; baseline 0.001 -14"><span class='ocrx_word' id='word_1_77' title='bbox 172 1169 405 1220; x_wconf 87' lang='lat' dir='ltr'>nullumque</span> <span class='ocrx_word' id='word_1_78' title='bbox 435 1169 676 1207; x_wconf 84' lang='lat' dir='ltr'>adiutorium</span> <span class='ocrx_word' id='word_1_79' title='bbox 705 1169 932 1220; x_wconf 80' lang='lat' dir='ltr'>expostulet</span> <span class='ocrx_word' id='word_1_80' title='bbox 961 1169 1063 1208; x_wconf 85' lang='lat' dir='ltr'>ratio</span> <span class='ocrx_word' id='word_1_81' title='bbox 1098 1169 1298 1208; x_wconf 81' lang='lat' dir='ltr'>doctrinae.</span> <span class='ocrx_word' id='word_1_82' title='bbox 1321 1200 1329 1207; x_wconf 87' lang='lat'><strong>.</strong></span> <span class='ocrx_word' id='word_1_83' title='bbox 1353 1199 1362 1208; x_wconf 88' lang='lat'><strong>.</strong></span> <span class='ocrx_word' id='word_1_84' title='bbox 1384 1200 1392 1208; x_wconf 90' lang='lat'><strong>.</strong></span> <span class='ocrx_word' id='word_1_85' title='bbox 1414 1171 1561 1209; x_wconf 86' lang='lat' dir='ltr'>Tamen</span> <span class='ocrx_word' id='word_1_86' title='bbox 1599 1176 1645 1209; x_wconf 92' lang='lat' dir='ltr'>ut</span> 
     </span>
     <span class='ocr_line' id='line_1_11' title="bbox 174 1234 1644 1285; baseline 0.002 -14"><span class='ocrx_word' id='word_1_87' title='bbox 174 1247 261 1271; x_wconf 86' lang='lat' dir='ltr'>mea</span> <span class='ocrx_word' id='word_1_88' title='bbox 279 1238 393 1284; x_wconf 88' lang='lat' dir='ltr'>gesta</span> <span class='ocrx_word' id='word_1_89' title='bbox 411 1247 679 1284; x_wconf 48' lang='lat' dir='ltr'>cognosceres</span> <span class='ocrx_word' id='word_1_90' title='bbox 700 1247 775 1285; x_wconf 88' lang='lat' dir='ltr'>que</span> <span class='ocrx_word' id='word_1_91' title='bbox 797 1234 939 1284; x_wconf 83' lang='lat' dir='ltr'>diligis,</span> <span class='ocrx_word' id='word_1_92' title='bbox 960 1238 1001 1271; x_wconf 90' lang='lat' dir='ltr'>et</span> <span class='ocrx_word' id='word_1_93' title='bbox 1021 1248 1071 1272; x_wconf 90' lang='lat' dir='ltr'>ne</span> <span class='ocrx_word' id='word_1_94' title='bbox 1092 1235 1197 1285; x_wconf 87' lang='lat' dir='ltr'>quod</span> <span class='ocrx_word' id='word_1_95' title='bbox 1216 1235 1467 1273; x_wconf 88' lang='lat' dir='ltr'>inuisitatum</span> <span class='ocrx_word' id='word_1_96' title='bbox 1481 1236 1644 1275; x_wconf 84' lang='lat' dir='ltr'>haberes</span> 
     </span>
     <span class='ocr_line' id='line_1_12' title="bbox 173 1297 1642 1350; baseline 0.002 -15"><span class='ocrx_word' id='word_1_97' title='bbox 173 1310 219 1335; x_wconf 88' lang='lat' dir='ltr'>ea</span> <span class='ocrx_word' id='word_1_98' title='bbox 238 1311 313 1348; x_wconf 91' lang='lat' dir='ltr'>que</span> <span class='ocrx_word' id='word_1_99' title='bbox 333 1298 376 1336; x_wconf 89' lang='lat' dir='ltr'>in</span> <span class='ocrx_word' id='word_1_100' title='bbox 399 1297 509 1336; x_wconf 84' lang='lat' dir='ltr'>india</span> <span class='ocrx_word' id='word_1_101' title='bbox 533 1297 617 1336; x_wconf 89' lang='lat' dir='ltr'>uidi</span> <span class='ocrx_word' id='word_1_102' title='bbox 639 1311 710 1349; x_wconf 88' lang='lat' dir='ltr'>per</span> <span class='ocrx_word' id='word_1_103' title='bbox 736 1311 911 1336; x_wconf 85' lang='lat' dir='ltr'>summos</span> <span class='ocrx_word' id='word_1_104' title='bbox 934 1298 1097 1336; x_wconf 84' lang='lat' dir='ltr'>labores</span> <span class='ocrx_word' id='word_1_105' title='bbox 1115 1312 1160 1336; x_wconf 86' lang='lat' dir='ltr'>ac</span> <span class='ocrx_word' id='word_1_106' title='bbox 1184 1299 1360 1350; x_wconf 86' lang='lat' dir='ltr'>pericula</span> <span class='ocrx_word' id='word_1_107' title='bbox 1385 1300 1642 1338; x_wconf 85' lang='lat' dir='ltr'>macedonum</span> 
     </span>
     <span class='ocr_line' id='line_1_13' title="bbox 173 1361 1642 1415; baseline 0.003 -16"><span class='ocrx_word' id='word_1_108' title='bbox 173 1361 379 1400; x_wconf 84' lang='lat' dir='ltr'>scribenda</span> <span class='ocrx_word' id='word_1_109' title='bbox 411 1362 487 1400; x_wconf 89' lang='lat' dir='ltr'>tibi</span> <span class='ocrx_word' id='word_1_110' title='bbox 512 1362 666 1413; x_wconf 85' lang='lat' dir='ltr'>putaui.</span> <span class='ocrx_word' id='word_1_111' title='bbox 723 1362 884 1400; x_wconf 80' lang='lat' dir='ltr'>Etenim</span> <span class='ocrx_word' id='word_1_112' title='bbox 908 1366 1003 1400; x_wconf 88' lang='lat' dir='ltr'>sunt</span> <span class='ocrx_word' id='word_1_113' title='bbox 1033 1362 1153 1413; x_wconf 86' lang='lat' dir='ltr'>digna</span> <span class='ocrx_word' id='word_1_114' title='bbox 1186 1364 1371 1402; x_wconf 86' lang='lat' dir='ltr'>memorie</span> <span class='ocrx_word' id='word_1_115' title='bbox 1403 1364 1571 1415; x_wconf 83' lang='lat' dir='ltr'>singula,</span> <span class='ocrx_word' id='word_1_116' title='bbox 1598 1379 1642 1403; x_wconf 84' lang='lat' dir='ltr'>ac</span> 
     </span>
     <span class='ocr_line' id='line_1_14' title="bbox 168 1425 1641 1477; baseline 0.003 -15"><span class='ocrx_word' id='word_1_117' title='bbox 168 1425 306 1463; x_wconf 90' lang='lat' dir='ltr'>multis</span> <span class='ocrx_word' id='word_1_118' title='bbox 333 1429 564 1464; x_wconf 83' lang='lat' dir='ltr'>coaceruata</span> <span class='ocrx_word' id='word_1_119' title='bbox 589 1425 919 1476; x_wconf 84' lang='lat' dir='ltr'>quemadmodum</span> <span class='ocrx_word' id='word_1_120' title='bbox 949 1425 1114 1477; x_wconf 81' lang='lat' dir='ltr'>inspexi.</span> <span class='ocrx_word' id='word_1_121' title='bbox 1172 1426 1268 1464; x_wconf 85' lang='lat' dir='ltr'>Non</span> <span class='ocrx_word' id='word_1_122' title='bbox 1295 1427 1526 1465; x_wconf 78' lang='lat' dir='ltr'>crediderim</span> <span class='ocrx_word' id='word_1_123' title='bbox 1561 1429 1641 1467; x_wconf 90' lang='lat' dir='ltr'>cui-</span> 
     </span>
     <span class='ocr_line' id='line_1_15' title="bbox 169 1489 1641 1542; baseline 0.004 -16"><span class='ocrx_word' id='word_1_124' title='bbox 169 1502 286 1539; x_wconf 89' lang='lat' dir='ltr'>quam</span> <span class='ocrx_word' id='word_1_125' title='bbox 306 1502 391 1527; x_wconf 87' lang='lat' dir='ltr'>esse</span> <span class='ocrx_word' id='word_1_126' title='bbox 409 1492 473 1527; x_wconf 89' lang='lat' dir='ltr'>tot</span> <span class='ocrx_word' id='word_1_127' title='bbox 492 1489 673 1540; x_wconf 88' lang='lat' dir='ltr'>prodigia</span> <span class='ocrx_word' id='word_1_128' title='bbox 691 1489 769 1526; x_wconf 87' lang='lat' dir='ltr'>nisi</span> <span class='ocrx_word' id='word_1_129' title='bbox 789 1489 968 1527; x_wconf 83' lang='lat' dir='ltr'>subiecta</span> <span class='ocrx_word' id='word_1_130' title='bbox 987 1490 1084 1527; x_wconf 87' lang='lat' dir='ltr'>meis</span> <span class='ocrx_word' id='word_1_131' title='bbox 1112 1490 1236 1528; x_wconf 84' lang='lat' dir='ltr'>oculis</span> <span class='ocrx_word' id='word_1_132' title='bbox 1262 1490 1346 1542; x_wconf 89' lang='lat' dir='ltr'>ipse</span> <span class='ocrx_word' id='word_1_133' title='bbox 1366 1491 1477 1542; x_wconf 91' lang='lat' dir='ltr'>prius</span> <span class='ocrx_word' id='word_1_134' title='bbox 1497 1497 1641 1532; x_wconf 86' lang='lat' dir='ltr'>cuncta</span> 
     </span>
     <span class='ocr_line' id='line_1_16' title="bbox 168 1553 1640 1604; baseline 0.003 -14"><span class='ocrx_word' id='word_1_135' title='bbox 168 1553 503 1603; x_wconf 88' lang='lat' dir='ltr'>ponderauissem.</span> <span class='ocrx_word' id='word_1_136' title='bbox 560 1553 790 1591; x_wconf 83' lang='lat' dir='ltr'>Mirandum</span> <span class='ocrx_word' id='word_1_137' title='bbox 805 1557 867 1591; x_wconf 83' lang='lat' dir='ltr'>est</span> <span class='ocrx_word' id='word_1_138' title='bbox 883 1557 991 1591; x_wconf 90' lang='lat' dir='ltr'>terra</span> <span class='ocrx_word' id='word_1_139' title='bbox 1006 1558 1199 1604; x_wconf 86' lang='lat' dir='ltr'>quantum</span> <span class='ocrx_word' id='word_1_140' title='bbox 1215 1558 1285 1592; x_wconf 90' lang='lat' dir='ltr'>aut</span> <span class='ocrx_word' id='word_1_141' title='bbox 1297 1555 1491 1594; x_wconf 88' lang='lat' dir='ltr'>bonarum</span> <span class='ocrx_word' id='word_1_142' title='bbox 1507 1570 1640 1595; x_wconf 91' lang='lat' dir='ltr'>rerum</span> 
     </span>
     <span class='ocr_line' id='line_1_17' title="bbox 170 1616 1641 1671; baseline 0.003 -17"><span class='ocrx_word' id='word_1_143' title='bbox 170 1616 298 1667; x_wconf 88' lang='lat' dir='ltr'>pariat</span> <span class='ocrx_word' id='word_1_144' title='bbox 317 1620 387 1654; x_wconf 88' lang='lat' dir='ltr'>aut</span> <span class='ocrx_word' id='word_1_145' title='bbox 407 1617 599 1655; x_wconf 86' lang='lat' dir='ltr'>malorum</span> <span class='ocrx_word' id='word_1_146' title='bbox 620 1617 926 1668; x_wconf 68' lang='lat' dir='ltr'>contemplatrix</span> <span class='ocrx_word' id='word_1_147' title='bbox 955 1618 1112 1655; x_wconf 80' lang='lat' dir='ltr'>existat.</span> <span class='ocrx_word' id='word_1_148' title='bbox 1140 1626 1181 1656; x_wconf 87' lang='lat' dir='ltr'>et</span> <span class='ocrx_word' id='word_1_149' title='bbox 1200 1632 1343 1669; x_wconf 86' lang='lat' dir='ltr'>parens</span> <span class='ocrx_word' id='word_1_150' title='bbox 1364 1620 1523 1671; x_wconf 88' lang='lat' dir='ltr'>publica</span> <span class='ocrx_word' id='word_1_151' title='bbox 1541 1621 1641 1659; x_wconf 87' lang='lat' dir='ltr'>fera-</span> 
     </span>
     <span class='ocr_line' id='line_1_18' title="bbox 169 1680 1641 1734; baseline 0.005 -17"><span class='ocrx_word' id='word_1_152' title='bbox 169 1694 258 1718; x_wconf 88' lang='lat' dir='ltr'>rum</span> <span class='ocrx_word' id='word_1_153' title='bbox 277 1693 322 1719; x_wconf 87' lang='lat' dir='ltr'>ac</span> <span class='ocrx_word' id='word_1_154' title='bbox 342 1680 549 1719; x_wconf 87' lang='lat' dir='ltr'>fructuum</span> <span class='ocrx_word' id='word_1_155' title='bbox 573 1681 902 1731; x_wconf 83' lang='lat' dir='ltr'>metallorumque</span> <span class='ocrx_word' id='word_1_156' title='bbox 926 1684 1045 1732; x_wconf 88' lang='lat' dir='ltr'>atque</span> <span class='ocrx_word' id='word_1_157' title='bbox 1072 1682 1313 1720; x_wconf 85' lang='lat' dir='ltr'>animalium.</span> <span class='ocrx_word' id='word_1_158' title='bbox 1342 1684 1483 1734; x_wconf 87' lang='lat' dir='ltr'>quodsi</span> <span class='ocrx_word' id='word_1_159' title='bbox 1504 1686 1641 1724; x_wconf 85' lang='lat' dir='ltr'>onmia</span> 
     </span>
     <span class='ocr_line' id='line_1_19' title="bbox 170 1744 1639 1798; baseline 0.004 -16"><span class='ocrx_word' id='word_1_160' title='bbox 170 1744 288 1782; x_wconf 88' lang='lat' dir='ltr'>liceat</span> <span class='ocrx_word' id='word_1_161' title='bbox 307 1744 456 1782; x_wconf 90' lang='lat' dir='ltr'>intueri</span> <span class='ocrx_word' id='word_1_162' title='bbox 472 1745 622 1783; x_wconf 85' lang='lat' dir='ltr'>homiui</span> <span class='ocrx_word' id='word_1_163' title='bbox 638 1745 704 1782; x_wconf 79' lang='lat' dir='ltr'>uix</span> <span class='ocrx_word' id='word_1_164' title='bbox 721 1746 937 1783; x_wconf 85' lang='lat' dir='ltr'>suffectura</span> <span class='ocrx_word' id='word_1_165' title='bbox 951 1748 1011 1783; x_wconf 87' lang='lat' dir='ltr'>tot</span> <span class='ocrx_word' id='word_1_166' title='bbox 1023 1745 1288 1784; x_wconf 83' lang='lat' dir='ltr'>uarietatibus</span> <span class='ocrx_word' id='word_1_167' title='bbox 1307 1747 1393 1798; x_wconf 87' lang='lat' dir='ltr'>ipsa</span> <span class='ocrx_word' id='word_1_168' title='bbox 1408 1749 1639 1788; x_wconf 83' lang='lat' dir='ltr'>crediderim</span> 
     </span>
     <span class='ocr_line' id='line_1_20' title="bbox 168 1808 1639 1862; baseline 0.005 -16"><span class='ocrx_word' id='word_1_169' title='bbox 168 1808 339 1847; x_wconf 83' lang='lat' dir='ltr'>nomina.</span> <span class='ocrx_word' id='word_1_170' title='bbox 398 1809 474 1847; x_wconf 84' lang='lat' dir='ltr'>Sed</span> <span class='ocrx_word' id='word_1_171' title='bbox 503 1822 575 1860; x_wconf 90' lang='lat' dir='ltr'>ego</span> <span class='ocrx_word' id='word_1_172' title='bbox 604 1809 652 1847; x_wconf 88' lang='lat' dir='ltr'>de</span> <span class='ocrx_word' id='word_1_173' title='bbox 678 1809 740 1847; x_wconf 80' lang='lat' dir='ltr'>his</span> <span class='ocrx_word' id='word_1_174' title='bbox 767 1823 842 1860; x_wconf 88' lang='lat' dir='ltr'>que</span> <span class='ocrx_word' id='word_1_175' title='bbox 868 1809 1041 1860; x_wconf 90' lang='lat' dir='ltr'>primum</span> <span class='ocrx_word' id='word_1_176' title='bbox 1071 1809 1242 1860; x_wconf 87' lang='lat' dir='ltr'>cognoui</span> <span class='ocrx_word' id='word_1_177' title='bbox 1271 1811 1444 1862; x_wconf 82' lang='lat' dir='ltr'>eloquar,</span> <span class='ocrx_word' id='word_1_178' title='bbox 1472 1813 1639 1853; x_wconf 84' lang='lat' dir='ltr'>daturus</span> 
     </span>
     <span class='ocr_line' id='line_1_21' title="bbox 167 1873 1638 1929; baseline 0.005 -19"><span class='ocrx_word' id='word_1_179' title='bbox 167 1885 327 1923; x_wconf 85' lang='lat' dir='ltr'>operam</span> <span class='ocrx_word' id='word_1_180' title='bbox 355 1886 405 1910; x_wconf 91' lang='lat' dir='ltr'>ne</span> <span class='ocrx_word' id='word_1_181' title='bbox 434 1877 504 1911; x_wconf 88' lang='lat' dir='ltr'>aut</span> <span class='ocrx_word' id='word_1_182' title='bbox 522 1873 677 1911; x_wconf 86' lang='lat' dir='ltr'>fabulae.</span> <span class='ocrx_word' id='word_1_183' title='bbox 703 1874 856 1924; x_wconf 77' lang='lat' dir='ltr'>[adfhl.</span> <span class='ocrx_word' id='word_1_184' title='bbox 881 1873 988 1923; x_wconf 61' lang='lat'>105]</span> <span class='ocrx_word' id='word_1_185' title='bbox 1018 1878 1088 1912; x_wconf 86' lang='lat' dir='ltr'>aut</span> <span class='ocrx_word' id='word_1_186' title='bbox 1115 1874 1225 1926; x_wconf 86' lang='lat' dir='ltr'>turpi</span> <span class='ocrx_word' id='word_1_187' title='bbox 1253 1876 1459 1915; x_wconf 87' lang='lat' dir='ltr'>mendacio</span> <span class='ocrx_word' id='word_1_188' title='bbox 1493 1877 1638 1929; x_wconf 90' lang='lat' dir='ltr'>dignus</span> 
     </span>
     <span class='ocr_line' id='line_1_22' title="bbox 168 1935 1637 1988; baseline 0.005 -15"><span class='ocrx_word' id='word_1_189' title='bbox 168 1935 324 1973; x_wconf 88' lang='lat' dir='ltr'>efficiar.</span> <span class='ocrx_word' id='word_1_190' title='bbox 382 1936 516 1974; x_wconf 88' lang='lat' dir='ltr'>Etiam</span> <span class='ocrx_word' id='word_1_191' title='bbox 536 1940 719 1974; x_wconf 87' lang='lat' dir='ltr'>naturam</span> <span class='ocrx_word' id='word_1_192' title='bbox 735 1937 856 1974; x_wconf 87' lang='lat' dir='ltr'>animi</span> <span class='ocrx_word' id='word_1_193' title='bbox 872 1937 947 1974; x_wconf 87' lang='lat' dir='ltr'>mei</span> <span class='ocrx_word' id='word_1_194' title='bbox 964 1967 970 1974; x_wconf 92' lang='lat'>.</span> <span class='ocrx_word' id='word_1_195' title='bbox 989 1967 995 1974; x_wconf 97' lang='lat'>.</span> <span class='ocrx_word' id='word_1_196' title='bbox 1013 1966 1021 1974; x_wconf 95' lang='lat'><strong>.</strong></span> <span class='ocrx_word' id='word_1_197' title='bbox 1037 1968 1046 1974; x_wconf 81' lang='grc'><strong>.</strong></span> <span class='ocrx_word' id='word_1_198' title='bbox 1060 1951 1141 1975; x_wconf 82' lang='grc'>11011</span> <span class='ocrx_word' id='word_1_199' title='bbox 1156 1938 1327 1988; x_wconf 78' lang='lat' dir='ltr'>ignoras,</span> <span class='ocrx_word' id='word_1_200' title='bbox 1342 1940 1467 1978; x_wconf 85' lang='lat' dir='ltr'>solere</span> <span class='ocrx_word' id='word_1_201' title='bbox 1483 1955 1544 1979; x_wconf 91' lang='lat' dir='ltr'>me</span> <span class='ocrx_word' id='word_1_202' title='bbox 1559 1945 1637 1980; x_wconf 88' lang='lat' dir='ltr'>ter-</span> 
     </span>
     <span class='ocr_line' id='line_1_23' title="bbox 167 1999 1636 2054; baseline 0.005 -17"><span class='ocrx_word' id='word_1_203' title='bbox 167 1999 319 2037; x_wconf 87' lang='lat' dir='ltr'>minum</span> <span class='ocrx_word' id='word_1_204' title='bbox 334 2000 522 2051; x_wconf 87' lang='lat' dir='ltr'>equitatis</span> <span class='ocrx_word' id='word_1_205' title='bbox 538 2001 750 2047; x_wconf 82' lang='lat' dir='ltr'>custodire,</span> <span class='ocrx_word' id='word_1_206' title='bbox 766 2005 807 2038; x_wconf 93' lang='lat' dir='ltr'>et</span> <span class='ocrx_word' id='word_1_207' title='bbox 821 2001 976 2052; x_wconf 82' lang='lat' dir='ltr'>parcius</span> <span class='ocrx_word' id='word_1_208' title='bbox 996 2001 1105 2052; x_wconf 86' lang='lat' dir='ltr'>loqui</span> <span class='ocrx_word' id='word_1_209' title='bbox 1125 2016 1242 2052; x_wconf 87' lang='lat' dir='ltr'>quam</span> <span class='ocrx_word' id='word_1_210' title='bbox 1261 2007 1374 2054; x_wconf 84' lang='lat' dir='ltr'>gesta</span> <span class='ocrx_word' id='word_1_211' title='bbox 1393 2004 1474 2042; x_wconf 87' lang='lat' dir='ltr'>sint</span> <span class='ocrx_word' id='word_1_212' title='bbox 1494 2006 1636 2045; x_wconf 88' lang='lat' dir='ltr'>omnia.</span> 
     </span>
     <span class='ocr_line' id='line_1_24' title="bbox 168 2063 1637 2119; baseline 0.005 -18"><span class='ocrx_word' id='word_1_213' title='bbox 168 2063 222 2101; x_wconf 78' lang='lat' dir='ltr'>Et</span> <span class='ocrx_word' id='word_1_214' title='bbox 234 2077 341 2102; x_wconf 90' lang='lat' dir='ltr'>nunc</span> <span class='ocrx_word' id='word_1_215' title='bbox 361 2077 476 2115; x_wconf 89' lang='lat' dir='ltr'>spero</span> <span class='ocrx_word' id='word_1_216' title='bbox 489 2065 595 2115; x_wconf 87' lang='lat' dir='ltr'>quod</span> <span class='ocrx_word' id='word_1_217' title='bbox 611 2065 803 2115; x_wconf 78' lang='lat' dir='ltr'>agnoscis,</span> <span class='ocrx_word' id='word_1_218' title='bbox 824 2065 946 2102; x_wconf 86' lang='lat' dir='ltr'>nichil</span> <span class='ocrx_word' id='word_1_219' title='bbox 966 2079 1028 2103; x_wconf 87' lang='lat' dir='ltr'>me</span> <span class='ocrx_word' id='word_1_220' title='bbox 1041 2070 1231 2116; x_wconf 86' lang='lat' dir='ltr'>tanquam</span> <span class='ocrx_word' id='word_1_221' title='bbox 1251 2071 1478 2119; x_wconf 87' lang='lat' dir='ltr'>captantem</span> <span class='ocrx_word' id='word_1_222' title='bbox 1491 2069 1637 2108; x_wconf 86' lang='lat' dir='ltr'>iactan-</span> 
     </span>
     <span class='ocr_line' id='line_1_25' title="bbox 166 2128 1637 2180; baseline 0.006 -15"><span class='ocrx_word' id='word_1_223' title='bbox 166 2131 326 2179; x_wconf 87' lang='lat' dir='ltr'>temque</span> <span class='ocrx_word' id='word_1_224' title='bbox 340 2128 512 2180; x_wconf 88' lang='lat' dir='ltr'>gloriam</span> <span class='ocrx_word' id='word_1_225' title='bbox 532 2129 683 2168; x_wconf 77' lang='lat' dir='ltr'>mih‘tiae</span> <span class='ocrx_word' id='word_1_226' title='bbox 695 2133 841 2168; x_wconf 85' lang='lat' dir='ltr'>nostrae</span> <span class='ocrx_word' id='word_1_227' title='bbox 856 2142 1042 2168; x_wconf 82' lang='lat' dir='ltr'>asserere.</span> <span class='ocrx_word' id='word_1_228' title='bbox 1058 2143 1133 2180; x_wconf 90' lang='lat' dir='ltr'>que</span> <span class='ocrx_word' id='word_1_229' title='bbox 1153 2130 1308 2169; x_wconf 83' lang='lat' dir='ltr'>utinam</span> <span class='ocrx_word' id='word_1_230' title='bbox 1319 2132 1451 2171; x_wconf 87' lang='lat' dir='ltr'>minus</span> <span class='ocrx_word' id='word_1_231' title='bbox 1466 2133 1637 2174; x_wconf 83' lang='lat' dir='ltr'>fuissent</span> 
     </span>
     <span class='ocr_line' id='line_1_26' title="bbox 167 2191 1636 2244; baseline 0.004 -14"><span class='ocrx_word' id='word_1_232' title='bbox 167 2191 362 2230; x_wconf 83' lang='lat' dir='ltr'>laboriosa</span> <span class='ocrx_word' id='word_1_233' title='bbox 383 2223 390 2230; x_wconf 89' lang='lat'>.</span> <span class='ocrx_word' id='word_1_234' title='bbox 414 2222 423 2230; x_wconf 91' lang='lat'>.</span> <span class='ocrx_word' id='word_1_235' title='bbox 447 2223 455 2231; x_wconf 90' lang='lat'><strong>.</strong></span> <span class='ocrx_word' id='word_1_236' title='bbox 479 2193 565 2244; x_wconf 85' lang='lat' dir='ltr'>Ago</span> <span class='ocrx_word' id='word_1_237' title='bbox 599 2193 746 2244; x_wconf 87' lang='lat' dir='ltr'>gratias</span> <span class='ocrx_word' id='word_1_238' title='bbox 769 2193 996 2232; x_wconf 85' lang='lat' dir='ltr'>macedonie</span> <span class='ocrx_word' id='word_1_239' title='bbox 1024 2193 1215 2232; x_wconf 87' lang='lat' dir='ltr'>iuuenum</span> <span class='ocrx_word' id='word_1_240' title='bbox 1243 2195 1388 2233; x_wconf 74' lang='lat' dir='ltr'>uirtuti</span> <span class='ocrx_word' id='word_1_241' title='bbox 1419 2201 1459 2234; x_wconf 89' lang='lat' dir='ltr'>et</span> <span class='ocrx_word' id='word_1_242' title='bbox 1485 2197 1636 2237; x_wconf 85' lang='lat' dir='ltr'>inuicto</span> 
     </span>
     <span class='ocr_line' id='line_1_27' title="bbox 167 2255 1636 2312; baseline 0.005 -19"><span class='ocrx_word' id='word_1_243' title='bbox 167 2255 360 2294; x_wconf 78' lang='lat' dir='ltr'>exercitui</span> <span class='ocrx_word' id='word_1_244' title='bbox 378 2260 517 2295; x_wconf 87' lang='lat' dir='ltr'>nostro</span> <span class='ocrx_word' id='word_1_245' title='bbox 537 2258 641 2308; x_wconf 88' lang='lat' dir='ltr'>quod</span> <span class='ocrx_word' id='word_1_246' title='bbox 655 2257 698 2295; x_wconf 92' lang='lat' dir='ltr'>in</span> <span class='ocrx_word' id='word_1_247' title='bbox 713 2257 909 2308; x_wconf 80' lang='lat' dir='ltr'>patient-ia</span> <span class='ocrx_word' id='word_1_248' title='bbox 926 2271 1015 2295; x_wconf 88' lang='lat' dir='ltr'>mea</span> <span class='ocrx_word' id='word_1_249' title='bbox 1032 2263 1335 2308; x_wconf 85' lang='lat' dir='ltr'>perseuerarent</span> <span class='ocrx_word' id='word_1_250' title='bbox 1349 2264 1396 2298; x_wconf 87' lang='lat' dir='ltr'>ut</span> <span class='ocrx_word' id='word_1_251' title='bbox 1415 2274 1483 2298; x_wconf 76' lang='lat' dir='ltr'>rex</span> <span class='ocrx_word' id='word_1_252' title='bbox 1496 2275 1636 2312; x_wconf 87' lang='lat' dir='ltr'>regum</span> 
     </span>
     <span class='ocr_line' id='line_1_28' title="bbox 165 2319 1636 2377; baseline 0.004 -19"><span class='ocrx_word' id='word_1_253' title='bbox 165 2319 351 2371; x_wconf 86' lang='lat' dir='ltr'>appeller.</span> <span class='ocrx_word' id='word_1_254' title='bbox 410 2320 499 2369; x_wconf 77' lang='lat' dir='ltr'>Quo</span> <span class='ocrx_word' id='word_1_255' title='bbox 526 2321 601 2358; x_wconf 88' lang='lat' dir='ltr'>tibi</span> <span class='ocrx_word' id='word_1_256' title='bbox 620 2335 707 2359; x_wconf 85' lang='lat' dir='ltr'>meo</span> <span class='ocrx_word' id='word_1_257' title='bbox 733 2321 854 2359; x_wconf 86' lang='lat' dir='ltr'>titulo</span> <span class='ocrx_word' id='word_1_258' title='bbox 875 2321 1005 2368; x_wconf 87' lang='lat' dir='ltr'>misso,</span> <span class='ocrx_word' id='word_1_259' title='bbox 1031 2321 1165 2369; x_wconf 86' lang='lat' dir='ltr'>letare,</span> <span class='ocrx_word' id='word_1_260' title='bbox 1192 2323 1398 2362; x_wconf 85' lang='lat' dir='ltr'>karissime</span> <span class='ocrx_word' id='word_1_261' title='bbox 1417 2330 1636 2377; x_wconf 71' lang='lat' dir='ltr'>praeceptor</span> 
     </span>
     <span class='ocr_line' id='line_1_29' title="bbox 168 2384 1634 2441; baseline 0.005 -20"><span class='ocrx_word' id='word_1_262' title='bbox 168 2413 175 2421; x_wconf 88' lang='lat'><strong>.</strong></span> <span class='ocrx_word' id='word_1_263' title='bbox 191 2413 198 2421; x_wconf 94' lang='lat'><em>.</em></span> <span class='ocrx_word' id='word_1_264' title='bbox 218 2413 225 2421; x_wconf 90' lang='lat'><strong>.</strong></span> <span class='ocrx_word' id='word_1_265' title='bbox 242 2413 250 2421; x_wconf 90' lang='lat'><strong>.</strong></span> <span class='ocrx_word' id='word_1_266' title='bbox 266 2397 373 2422; x_wconf 86' lang='lat' dir='ltr'>nunc</span> <span class='ocrx_word' id='word_1_267' title='bbox 392 2384 466 2422; x_wconf 88' lang='lat' dir='ltr'>tibi</span> <span class='ocrx_word' id='word_1_268' title='bbox 482 2388 523 2423; x_wconf 90' lang='lat' dir='ltr'>et</span> <span class='ocrx_word' id='word_1_269' title='bbox 541 2384 756 2436; x_wconf 86' lang='lat' dir='ltr'>Olimpiadi</span> <span class='ocrx_word' id='word_1_270' title='bbox 768 2385 888 2423; x_wconf 83' lang='lat' dir='ltr'>matri</span> <span class='ocrx_word' id='word_1_271' title='bbox 904 2398 989 2423; x_wconf 86' lang='lat' dir='ltr'>mee</span> <span class='ocrx_word' id='word_1_272' title='bbox 1003 2386 1281 2437; x_wconf 87' lang='lat' dir='ltr'>sororibusque</span> <span class='ocrx_word' id='word_1_273' title='bbox 1296 2387 1392 2425; x_wconf 87' lang='lat' dir='ltr'>meis</span> <span class='ocrx_word' id='word_1_274' title='bbox 1407 2388 1454 2426; x_wconf 91' lang='lat' dir='ltr'>de</span> <span class='ocrx_word' id='word_1_275' title='bbox 1467 2389 1634 2441; x_wconf 87' lang='lat' dir='ltr'>singulis</span> 
     </span>
     <span class='ocr_line' id='line_1_30' title="bbox 164 2447 1634 2499; baseline 0.006 -15"><span class='ocrx_word' id='word_1_276' title='bbox 164 2447 278 2498; x_wconf 85' lang='lat' dir='ltr'>regni</span> <span class='ocrx_word' id='word_1_277' title='bbox 304 2447 381 2486; x_wconf 89' lang='lat' dir='ltr'>mei</span> <span class='ocrx_word' id='word_1_278' title='bbox 414 2449 628 2486; x_wconf 89' lang='lat' dir='ltr'>commodis</span> <span class='ocrx_word' id='word_1_279' title='bbox 655 2449 885 2495; x_wconf 87' lang='lat' dir='ltr'>scribebam,</span> <span class='ocrx_word' id='word_1_280' title='bbox 915 2462 990 2499; x_wconf 89' lang='lat' dir='ltr'>que</span> <span class='ocrx_word' id='word_1_281' title='bbox 1018 2448 1093 2487; x_wconf 89' lang='lat' dir='ltr'>tibi</span> <span class='ocrx_word' id='word_1_282' title='bbox 1119 2454 1161 2487; x_wconf 88' lang='lat' dir='ltr'>et</span> <span class='ocrx_word' id='word_1_283' title='bbox 1192 2449 1269 2488; x_wconf 88' lang='lat' dir='ltr'>illis</span> <span class='ocrx_word' id='word_1_284' title='bbox 1297 2452 1520 2491; x_wconf 83' lang='lat' dir='ltr'>communia</span> <span class='ocrx_word' id='word_1_285' title='bbox 1548 2467 1634 2492; x_wconf 82' lang='lat' dir='ltr'>esse</span> 
     </span>
     <span class='ocr_line' id='line_1_31' title="bbox 165 2510 1634 2569; baseline 0.005 -20"><span class='ocrx_word' id='word_1_286' title='bbox 165 2510 345 2549; x_wconf 83' lang='lat' dir='ltr'>arbitror.</span> <span class='ocrx_word' id='word_1_287' title='bbox 389 2512 517 2563; x_wconf 89' lang='lat' dir='ltr'>quue</span> <span class='ocrx_word' id='word_1_288' title='bbox 536 2513 613 2551; x_wconf 88' lang='lat' dir='ltr'>nisi</span> <span class='ocrx_word' id='word_1_289' title='bbox 632 2514 785 2564; x_wconf 78' lang='lat' dir='ltr'>[adfol.</span> <span class='ocrx_word' id='word_1_290' title='bbox 804 2515 879 2551; x_wconf 84' lang='lat'>105</span> <span class='ocrx_word' id='word_1_291' title='bbox 901 2513 953 2562; x_wconf 73' lang='lat' dir='ltr'>b.]</span> <span class='ocrx_word' id='word_1_292' title='bbox 968 2513 1107 2551; x_wconf 86' lang='lat' dir='ltr'>feceris</span> <span class='ocrx_word' id='word_1_293' title='bbox 1126 2527 1264 2564; x_wconf 82' lang='lat' dir='ltr'>parum</span> <span class='ocrx_word' id='word_1_294' title='bbox 1287 2514 1333 2552; x_wconf 88' lang='lat' dir='ltr'>de</span> <span class='ocrx_word' id='word_1_295' title='bbox 1353 2516 1466 2554; x_wconf 89' lang='lat' dir='ltr'>nobis</span> <span class='ocrx_word' id='word_1_296' title='bbox 1487 2517 1634 2569; x_wconf 90' lang='lat' dir='ltr'>simpli-</span> 
     </span>
     <span class='ocr_line' id='line_1_32' title="bbox 165 2573 1633 2628; baseline 0.005 -16"><span class='ocrx_word' id='word_1_297' title='bbox 165 2573 265 2612; x_wconf 80' lang='lat' dir='ltr'>citer</span> <span class='ocrx_word' id='word_1_298' title='bbox 283 2574 457 2614; x_wconf 89' lang='lat' dir='ltr'>iudicare</span> <span class='ocrx_word' id='word_1_299' title='bbox 477 2577 686 2615; x_wconf 84' lang='lat' dir='ltr'>uideberis.</span> <span class='ocrx_word' id='word_1_300' title='bbox 745 2577 949 2615; x_wconf 88' lang='lat' dir='ltr'>Prioribus</span> <span class='ocrx_word' id='word_1_301' title='bbox 969 2577 1115 2615; x_wconf 85' lang='lat' dir='ltr'>litteris</span> <span class='ocrx_word' id='word_1_302' title='bbox 1136 2577 1450 2628; x_wconf 82' lang='lat' dir='ltr'>significaueram</span> <span class='ocrx_word' id='word_1_303' title='bbox 1474 2580 1521 2619; x_wconf 89' lang='lat' dir='ltr'>de</span> <span class='ocrx_word' id='word_1_304' title='bbox 1541 2583 1633 2621; x_wconf 85' lang='lat' dir='ltr'>solis</span> 
     </span>
     <span class='ocr_line' id='line_1_33' title="bbox 162 2635 1633 2695; baseline 0.007 -21"><span class='ocrx_word' id='word_1_305' title='bbox 162 2635 333 2689; x_wconf 90' lang='lat' dir='ltr'>luneque</span> <span class='ocrx_word' id='word_1_306' title='bbox 346 2639 493 2690; x_wconf 87' lang='lat' dir='ltr'>eclipsi.</span> <span class='ocrx_word' id='word_1_307' title='bbox 518 2644 557 2678; x_wconf 83' lang='lat' dir='ltr'>et</span> <span class='ocrx_word' id='word_1_308' title='bbox 583 2640 630 2678; x_wconf 90' lang='lat' dir='ltr'>de</span> <span class='ocrx_word' id='word_1_309' title='bbox 650 2641 873 2679; x_wconf 83' lang='lat' dir='ltr'>constantia</span> <span class='ocrx_word' id='word_1_310' title='bbox 890 2640 1074 2691; x_wconf 74' lang='lat' dir='ltr'>syderum</span> <span class='ocrx_word' id='word_1_311' title='bbox 1087 2641 1265 2692; x_wconf 83' lang='lat' dir='ltr'>aerisque</span> <span class='ocrx_word' id='word_1_312' title='bbox 1281 2642 1447 2691; x_wconf 88' lang='lat' dir='ltr'>indiciis,</span> <span class='ocrx_word' id='word_1_313' title='bbox 1461 2658 1536 2695; x_wconf 87' lang='lat' dir='ltr'>que</span> <span class='ocrx_word' id='word_1_314' title='bbox 1552 2660 1633 2685; x_wconf 88' lang='lat' dir='ltr'>non</span> 
     </span>
     <span class='ocr_line' id='line_1_34' title="bbox 161 2701 1630 2758; baseline 0.006 -20"><span class='ocrx_word' id='word_1_315' title='bbox 161 2701 251 2739; x_wconf 87' lang='lat' dir='ltr'>sine</span> <span class='ocrx_word' id='word_1_316' title='bbox 271 2715 412 2753; x_wconf 87' lang='lat' dir='ltr'>magna</span> <span class='ocrx_word' id='word_1_317' title='bbox 433 2717 527 2742; x_wconf 86' lang='lat' dir='ltr'>cura</span> <span class='ocrx_word' id='word_1_318' title='bbox 547 2704 727 2743; x_wconf 82' lang='lat' dir='ltr'>ordinata</span> <span class='ocrx_word' id='word_1_319' title='bbox 746 2705 820 2742; x_wconf 85' lang='lat' dir='ltr'>tibi</span> <span class='ocrx_word' id='word_1_320' title='bbox 842 2704 941 2742; x_wconf 88' lang='lat' dir='ltr'>misi.</span> <span class='ocrx_word' id='word_1_321' title='bbox 963 2708 1004 2742; x_wconf 80' lang='lat' dir='ltr'>ct</span> <span class='ocrx_word' id='word_1_322' title='bbox 1023 2705 1093 2742; x_wconf 88' lang='lat' dir='ltr'>has</span> <span class='ocrx_word' id='word_1_323' title='bbox 1112 2719 1236 2744; x_wconf 85' lang='lat' dir='ltr'>nouas</span> <span class='ocrx_word' id='word_1_324' title='bbox 1264 2707 1533 2758; x_wconf 80' lang='lat' dir='ltr'>explicaturus</span> <span class='ocrx_word' id='word_1_325' title='bbox 1554 2710 1630 2748; x_wconf 85' lang='lat' dir='ltr'>his-</span> 
     </span>
    </p>

    <p class='ocr_par' dir='ltr' id='par_1_4' title="bbox 1330 2778 1407 2811">
     <span class='ocr_line' id='line_1_35' title="bbox 1330 2778 1407 2811; baseline 0.013 -1"><span class='ocrx_word' id='word_1_326' title='bbox 1330 2785 1358 2810; x_wconf 73' lang='grc'>11</span> <span class='ocrx_word' id='word_1_327' title='bbox 1385 2778 1407 2811; x_wconf 78' lang='lat'>:2</span> 
     </span>
    </p>
   </div>
  </div>
 </body>
</html>
