1734 3115
104 231 157 266 52
564 242 791 269 EPISTOLA
818 241 1105 270 ALEXANnm

102 331 224 370 torias
257 334 389 372 omnia
414 334 534 372 cartis
554 335 847 376 commendabo.
906 335 994 384 Que
1027 348 1116 373 cum
1145 333 1310 384 relegis:
1353 331 1452 370 scito
1485 342 1570 368 esse

102 395 197 433 talia
212 409 287 446 que
300 410 395 436 cura
406 398 610 437 alexandri
624 399 687 437 tui
699 398 907 450 complecti
922 399 1148 437 decuerant.
1204 397 1348 435 Mense
1360 394 1461 433 maio
1476 406 1569 443 rege

101 471 305 508 persarum
319 460 427 499 dario
443 462 549 513 apud
564 476 732 513 gangem
746 476 901 500 amnem
917 466 1102 514 superato
1123 465 1361 512 acceptaque
1380 459 1423 497 in
1437 457 1569 496 condi-

101 521 230 560 tiones
251 524 357 562 omni
384 525 469 563 eius
496 525 669 576 regione,
697 525 915 563 ordinarios
941 528 1283 576 propraetoresque
1305 526 1462 561 nostros
1481 534 1570 573 pro-

103 586 319 636 posuimus,
333 587 497 626 orientis
512 588 731 640 prouinciis
744 587 959 638 multisque
979 587 1121 639 opibus
1133 586 1332 638 regalibus
1353 585 1469 624 ditati
1486 601 1494 631 ;
1523 587 1569 622 ut

102 648 143 685 in
177 650 298 700 priori
331 651 498 702 epistola
526 651 835 702 significaveram
859 651 946 689 tibi.
1005 651 1138 699 Quare
1167 663 1273 688 nunc
1301 663 1351 686 ne
1381 649 1455 686 sim
1475 647 1568 686 scri-

102 712 221 750 bendi
248 715 456 766 multiplex
486 716 553 765 [ad
566 716 646 765 fol.
671 717 778 764 106]
805 715 936 766 priora
964 714 1068 751 facta
1102 714 1178 751 iam
1207 712 1451 764 praecognita-
1472 725 1570 762 prae-

102 780 223 815 tereo.
282 778 425 817 Mense
444 779 541 817 iulio
563 779 770 817 deficiente
798 779 839 816 in
862 778 970 815 india
993 777 1178 815 faciaeem
1206 776 1472 828 peruenimus,
1500 774 1570 812 ubi

104 840 203 878 mira
222 842 422 880 celeritate
448 857 544 894 poro
570 856 662 893 rege
689 842 858 889 deuicto,
884 842 1004 893 potiti
1027 840 1256 892 ingentibus
1287 839 1437 877 diuitiis
1462 838 1571 889 regia

104 917 199 953 gaza
215 906 355 956 repleti
369 920 516 944 sumus.
539 906 607 944 sed
622 937 628 943 .
645 937 652 944 .
670 937 676 943 .
695 906 864 944 scribere
879 905 925 943 de
944 903 1223 942 innumerabili
1237 903 1413 941 exercitu
1432 903 1516 940 eius
1528 902 1571 939 in

102 980 182 1016 quo
202 968 354 1006 fuerint
381 970 589 1020 permultae
618 970 797 1021 peditum
828 969 959 1020 copias
983 969 1152 1019 (copioe),
1172 967 1237 1005 xvi
1252 967 1360 1004 milia
1379 967 1568 1017 equitum,

104 1031 332 1082 octingente
352 1033 553 1084 quadrige‚
575 1046 710 1071 omnes
734 1033 887 1071 falcate.
915 1031 1119 1083 captisque
1145 1030 1366 1081 elephantis
1386 1029 1568 1080 quadrin-

103 1094 235 1144 gentis
249 1096 317 1146 qui
330 1097 598 1148 superpositas
612 1110 700 1134 cum
714 1096 874 1134 armatis
886 1095 1143 1133 iac-tatoribus
1155 1098 1287 1131 turres
1300 1097 1567 1144 gestauerant.

107 1158 258 1208 [adfol.
281 1161 358 1197 106
379 1161 430 1210 b.]
474 1161 609 1211 Ipsam
629 1160 767 1198 urbem
788 1160 935 1210 regiam
962 1158 1047 1210 pori
1068 1158 1305 1208 domumque
1324 1157 1441 1194 armis
1461 1157 1570 1194 inua-

104 1221 238 1260 simus.
297 1224 349 1261 In
374 1238 451 1274 qua
479 1225 681 1262 columnas
705 1237 844 1261 aureas
868 1223 1090 1273 solidasque
1117 1222 1271 1272 ingenti
1304 1221 1570 1272 grossitudine

103 1289 223 1336 atque
243 1286 454 1325 altitudine
474 1302 564 1326 cum
585 1288 666 1325 suis
687 1287 871 1338 capitulis
891 1287 941 1324 ad
960 1286 1119 1324 modum
1148 1285 1457 1337 quadringentas
1477 1297 1571 1322 enu-

106 1350 356 1397 merauimus,
389 1355 628 1402 auratosque
657 1351 827 1402 parietes
864 1350 1099 1388 laminarum
1131 1349 1353 1399 digitalium
1383 1348 1573 1399 grossitu-

104 1413 208 1450 dine.
298 1414 406 1462 Quas
451 1428 541 1452 cum
584 1415 768 1452 estimare
812 1414 955 1451 uellem
997 1413 1193 1464 aliquibus
1233 1412 1329 1450 locis
1374 1411 1570 1449 intercidi.

107 1477 353 1528 Vineamque
386 1479 549 1517 solidam
569 1492 664 1516 auro
691 1482 934 1529 argentoque
963 1477 1069 1514 inter
1099 1477 1300 1514 columnas
1334 1476 1572 1526 pendentem

100 1541 271 1579 ‘miratus
293 1555 390 1579 sum.
418 1542 461 1580 in
480 1556 557 1593 qua
584 1542 679 1580 folia
706 1556 826 1581 aurea
851 1541 1073 1591 racemique
1103 1539 1331 1590 cristallinis
1350 1539 1439 1590 ligis
1459 1543 1572 1577 erant

105 1604 342 1655 interpositi,
383 1605 724 1657 distinguentibus
757 1605 985 1656 smaragdis.
1042 1604 1190 1642 Talami
1221 1603 1443 1653 cubiliaque
1472 1616 1572 1640 mar-

103 1668 243 1719 garitis
263 1668 554 1720 unionibusque
570 1673 614 1707 et
634 1669 885 1707 carbunculis
913 1673 953 1706 et
973 1668 1140 1706 ebenina
1162 1666 1364 1705 lacunaria
1388 1667 1573 1704 nitebant

107 1733 377 1770 testudinibus
390 1733 630 1785 cupressinis
651 1733 794 1784 quibus
810 1733 935 1771 lauari
958 1733 1108 1782 [adfol.
1133 1731 1239 1781 115.]
1262 1731 1304 1769 111
1323 1730 1470 1781 insigni
1485 1730 1572 1768 loco

104 1800 148 1833 et
167 1795 209 1833 in
228 1796 477 1834 balnearibus
498 1800 610 1834 erant
627 1796 745 1834 soliti.
802 1797 1013 1847 Aureeque
1034 1796 1232 1846 solideque
1253 1808 1342 1832 cum
1355 1794 1572 1832 crateribus

103 1860 234 1898 aureis
255 1864 387 1898 statue
406 1860 682 1911 innumerique
702 1860 880 1898 thesauri
904 1889 1110 1898 .........
1127 1859 1317 1897 Gemmea
1339 1861 1381 1896 et
1409 1859 1572 1909 crystal-

106 1924 187 1962 lina
213 1924 479 1974 electrinaque
499 1938 594 1962 uasa
618 1924 818 1975 potatoria
843 1927 883 1962 et
904 1923 1113 1961 sextariola
1135 1923 1261 1960 multa
1282 1935 1401 1960 aurea
1414 1922 1570 1959 inueni-

107 2002 195 2026 mus
221 1992 261 2026 et
282 2001 369 2025 rara
388 1992 587 2038 argentea.
629 1987 787 2037 Quibus
814 1987 855 2025 in
881 1990 1120 2038 potestatem
1145 1986 1315 2024 redactis
1341 1985 1571 2023 interiorem

106 2051 253 2089 indiam
284 2050 506 2101 perspicere
533 2050 698 2101 cupiens
727 2080 735 2088 .
760 2080 767 2088 .
788 2050 939 2101 caspias
962 2053 1097 2100 portas
1121 2048 1374 2100 peruenimus
1398 2048 1575 2085 exercitu

106 2115 176 2153 ubi
192 2128 281 2152 cum
302 2115 635 2152 fertilissimarum
651 2114 858 2164 regionum
878 2113 1093 2151 admirarer
1108 2113 1352 2158 felicitatem,
1372 2111 1573 2162 quondam

106 2178 251 2229 gaudio
283 2178 402 2227 digna
424 2190 687 2228 cognoueram
714 2177 810 2223 loca,
835 2190 1057 2227 quanquam
1087 2175 1350 2227 praedixerant
1377 2174 1491 2213 nobis
1514 2175 1573 2212 in-

106 2242 202 2280 colae
220 2241 391 2291 regionis
412 2241 496 2278 eius
522 2254 572 2278 ne
595 2240 747 2290 [adfol.
770 2242 846 2278 115
868 2239 918 2289 b.]
945 2243 1149 2290 serpentes
1174 2243 1216 2276 et
1241 2238 1378 2290 rapida
1400 2239 1572 2276 ferarum

107 2315 252 2354 genera
284 2301 557 2348 incideremus,
587 2314 662 2352 que
688 2301 858 2351 plurima
882 2300 1051 2338 uallibus
1075 2303 1116 2337 et
1142 2300 1288 2351 campis
1318 2299 1506 2350 siluisque
1528 2313 1573 2338 ac

108 2365 311 2404 montibus
330 2365 576 2403 habitabant.
596 2378 802 2403 nemorum
823 2377 1082 2415 saxorumque
1097 2364 1260 2402 latebris
1273 2364 1438 2402 occulta.
1496 2363 1573 2401 Sed

107 2443 179 2480 ego
200 2433 246 2467 ut
264 2429 483 2480 fugientem
503 2442 549 2466 ea
567 2442 701 2480 pugna
720 2442 859 2480 porum
880 2428 1051 2479 primum
1065 2441 1292 2478 assequerer
1305 2431 1514 2477 antequam
1530 2426 1573 2464 in

107 2494 282 2531 desertas
302 2492 407 2531 orbis
427 2499 622 2530 terrarum
637 2492 764 2530 abiret
780 2491 1015 2530 solitudines
1028 2491 1304 2542 compendiosa
1318 2490 1442 2541 magis
1456 2503 1571 2541 quam

106 2561 197 2594 tuta
215 2556 358 2593 itinera
378 2556 522 2606 eligere
543 2556 674 2593 malui.
731 2555 920 2606 Acceptis
941 2555 1065 2604 igitur
1090 2554 1148 2591 .cl.
1171 2554 1336 2592 ducibus
1357 2554 1423 2604 qui
1442 2554 1571 2591 breui-

104 2623 210 2657 tates
222 2619 409 2656 itinerum
425 2623 621 2657 nouerant
633 2632 766 2656 mense
780 2622 949 2669 augusto
964 2631 1034 2669 per
1045 2618 1246 2656 feruentes
1263 2618 1343 2655 sole
1356 2631 1571 2668 arenasque

107 2687 148 2720 et
168 2683 326 2734 egentia
351 2683 525 2720 humoris
553 2683 638 2721 loca
663 2682 866 2734 profectus
887 2696 985 2728 sum,
1010 2682 1210 2733 pollicitus
1231 2682 1292 2720 his
1318 2681 1477 2733 praemia
1504 2682 1571 2732 qui

106 2760 178 2784 nos
208 2746 327 2797 periti
357 2746 562 2796 regionum
595 2746 791 2784 ducebant
817 2759 888 2797 per
912 2745 1050 2795 ignota
1075 2745 1180 2783 indie
1209 2745 1294 2783 loca
1323 2745 1356 2783 si
1387 2758 1448 2782 me
1481 2758 1570 2782 cum
