1734 3115
109 239 162 275 68
435 248 564 274 NOTAE
588 248 638 274 IN
665 246 927 273 EPISTOLAM
951 245 1249 273 ALEXANDRI.

105 336 237 377 Ἀσίας
255 344 380 390 φησίν.
435 340 544 391 Ὑπὲρ
565 341 604 378 δὲ
623 341 758 379 τοῦτων
780 340 979 379 Σκιάποδες
1008 342 1141 392 ὄνομα,
1163 341 1243 379 τούς
1265 356 1304 378 τε
1318 339 1432 376 πόδας
1452 341 1574 386 ὥσπερ

107 403 140 440 οἱ
161 405 275 452 χῆνες
297 406 427 455 ἔχουσι
447 405 561 455 κάρτα
580 409 759 450 πλατέας,
781 407 840 442 καὶ
854 406 944 443 ὅταν
966 408 1081 456 θέρμη
1102 404 1137 458 ᾗ,
1158 404 1280 442 ὕπτιοι
1303 405 1573 442 ἀναπεσόντες,

109 469 265 514 ἄραντες
291 471 336 505 τὰ
364 472 491 514 σκέλη,
517 469 731 514 σκιάζονται
751 473 825 506 τοῖς
850 473 977 506 ποσίν.
1036 467 1335 519 Harpokration
1353 467 1396 504 in
1416 465 1573 503 Lexico.

113 530 269 568 Pariter
304 531 469 579 Plinius,
507 532 574 570 lib.
609 532 672 570 vii.
749 531 847 580 Quae
879 534 1014 569 narrat
1048 530 1212 568 Ktesias
1245 530 1292 568 de
1329 528 1576 567 Martichora

107 594 273 645 aliisque
293 595 411 633 rebus
430 595 667 646 prodigiosis
687 595 856 633 servavit
876 594 1056 641 Photius‚
1076 593 1270 632 Biblioth.
1290 607 1353 631 no.
1375 595 1438 632 72.

162 658 306 696 Aulius
329 658 495 706 Gellius,
517 659 746 707 “adductus
765 658 864 696 mira
879 661 998 709 atque
1016 657 1218 708 insperata
1235 656 1427 702 vilitate‚’'
1442 655 1572 693 Brun-

109 720 212 758 dusii
230 722 352 760 libros
371 722 560 772 quosdam
575 722 684 760 emit.
740 724 762 741 “
775 722 903 760 Erant
922 725 1055 760 autem
1075 720 1143 758 isti
1163 733 1298 758 omnes
1316 719 1408 757 h'bri
1434 718 1574 765 Graeci,

109 784 387 823 miraculorum
410 785 710 836 fabularumque
729 785 860 836 pleni3
888 798 952 823 res
971 784 1171 832 inauditae,
1190 783 1424 830 incredulae3
1453 781 1573 832 scrip-

109 852 215 886 tores
241 852 394 887 veteres
426 863 508 887 non
532 863 660 900 parvae
688 848 963 887 auctoritatis:
998 847 1181 886 Aristeas
1210 846 1499 885 Proconnesius
1532 848 1574 882 et

110 911 295 962 Isigonus
327 912 557 959 Nicaeensis,
578 916 619 950 et
652 912 816 959 Ctesias,
840 915 881 949 et
909 911 1157 949 Onesicritus
1189 914 1230 948 et
1255 909 1573 961 Polystephanus

113 978 154 1013 et
180 976 417 1026 Hegesiass’
443 976 511 1025 (A.
536 976 639 1014 Gell.
663 976 730 1014 lib.
751 975 802 1013 ix.
828 988 858 1013 c.
880 974 949 1025 iv.)
1010 974 1097 1012 Nec
1123 974 1347 1012 mirandum
1371 973 1442 1010 hos
1468 971 1574 1023 apud

110 1043 265 1077 veteres
285 1039 563 1078 auctoritatem
587 1039 794 1085 habuisse3
829 1042 914 1076 erat
933 1037 1039 1076 enim
1060 1038 1222 1075 Ktesias
1242 1035 1486 1082 Artaxerxis,
1506 1034 1574 1085 qui

110 1103 306 1141 Mnemon
339 1104 499 1151 dicitur,
530 1103 729 1150 medicus3
770 1102 1021 1141 Onesikritos
1052 1105 1185 1139 autem
1217 1099 1435 1138 Alexandri
1463 1098 1573 1136 navis

110 1167 362 1217 gubernator.
437 1166 478 1203 N
481 1169 678 1205 arraverat
722 1166 785 1203 hic
821 1165 864 1203 in
906 1164 1056 1202 Indicis
1098 1164 1227 1202 fluviis
1269 1163 1572 1214 hippopotamos

140 1230 222 1281 'gni
237 1246 244 1267 :
266 1230 462 1281 accepisse
476 1244 516 1268 se
533 1230 677 1267 famam
690 1229 737 1267 de
754 1228 908 1267 duobus
929 1227 1184 1278 serpentibus
1197 1227 1433 1273 cubitorum,
1449 1225 1575 1263 altero

110 1293 324 1343 octoginta,
351 1294 474 1332 altero
504 1297 664 1332 centum
689 1292 977 1344 quadraginta:
1005 1291 1112 1329 unde
1143 1290 1284 1328 Strabo
1311 1290 1389 1339 (xv.
1416 1289 1486 1338 28)
1509 1291 1573 1326 οὒκ

107 1357 353 1407 Ἀλεξανδρου
371 1362 522 1407 μᾶλλον
542 1358 563 1401 ἢ
584 1374 657 1395 των
682 1356 902 1407 παραδόξων
922 1355 1247 1406 ἀρχικυβερνήτην
1266 1367 1357 1392 eum
1376 1352 1572 1404 appellat:

108 1420 306 1458 enimvero
331 1420 481 1458 fatetur
509 1433 645 1458 omnes
674 1419 741 1470 qui
763 1419 1034 1457 Alexandrum
1072 1418 1307 1456 comitarent
1344 1415 1573 1454 admiranda

107 1483 209 1522 veris
228 1484 529 1522 antehabuisse:
570 1483 881 1534 ὑπερβάλλεσθαι
912 1483 951 1521 δὲ
978 1484 1075 1521 δοκεῖ
1100 1483 1180 1521 τοὺς
1211 1482 1400 1520 τοσούτους
1433 1482 1572 1518 ἐκεῖνος

86 1551 154 1602 1τῇ
190 1552 449 1598 τερατολογίᾳ.
509 1547 762 1586 Onesikritos
799 1547 919 1585 etiam
946 1546 1133 1584 narrabat
1164 1546 1212 1584 de
1244 1543 1471 1583 hominibus
1504 1556 1570 1581 ore

109 1612 358 1658 carentibus3
391 1611 438 1649 de
457 1611 544 1649 aliis
564 1624 678 1649 aures
691 1611 836 1648 talares
850 1610 1101 1656 habentibus,
1122 1609 1163 1646 in
1184 1608 1326 1659 quibus
1342 1606 1572 1645 dormirent.

110 1675 173 1713 De
189 1674 365 1725 Hegesia
380 1674 556 1725 quaedam
572 1674 671 1712 dixit
691 1673 1019 1725 Agatharchides,
1038 1673 1140 1710 libro
1156 1672 1296 1722 quinto
1311 1670 1503 1708 Historiae
1523 1669 1572 1708 de

106 1739 245 1776 Rubro
259 1738 376 1786 Mari,
392 1738 497 1789 apud
515 1737 701 1776 Photium
715 1737 904 1775 Biblioth.
922 1736 990 1774 cci.
1046 1736 1246 1773 Aristeam
1261 1732 1570 1772 Proconnesium

109 1805 388 1841 commemorat
409 1801 548 1839 Suidas
564 1817 572 1848 ;
593 1804 677 1838 erat
693 1800 827 1851 epicus
840 1802 967 1851 poeta.
1024 1798 1210 1849 Isigonus
1223 1811 1246 1836 a
1266 1797 1395 1835 Ph'nio
1411 1796 1569 1834 citatur.

112 1865 241 1903 Iulius
270 1864 467 1911 Valerius,
495 1864 561 1915 qui
593 1864 642 1902 ad
672 1863 818 1901 calcem
851 1863 898 1910 Q.
922 1862 1064 1909 Curtii,
1097 1862 1145 1900 ab
1170 1861 1274 1912 Ang.
1292 1860 1403 1898 Maio
1429 1859 1572 1906 editus,

109 1933 229 1977 extat,
268 1942 317 1966 ex
345 1928 406 1966 1113
435 1928 596 1979 ineptiis
626 1927 813 1978 quasdam
848 1926 991 1964 Latine
1029 1924 1198 1976 scripsit.
1254 1923 1368 1961 Idem
1395 1922 1567 1961 fabulam

108 1996 243 2031 narrat
263 1992 311 2030 de
332 1991 512 2030 Candace
525 2004 641 2042 quam
657 1990 763 2042 apud
775 1989 993 2028 Weberum
1004 1989 1134 2040 legere
1149 1988 1252 2026 licet.
1311 1986 1415 2025 Satis
1435 1987 1482 2025 de
1496 1987 1571 2025 hoc

108 2059 354 2106 argumento,
388 2055 537 2106 opinor,
568 2054 660 2092 dixi.
716 2053 820 2091 Vide
849 2053 969 2091 etiam
1007 2053 1132 2103 Kyng
1160 2050 1412 2097 Alisaundre,
1441 2050 1515 2088 vol.
1545 2049 1569 2087 i.

109 2133 146 2170 p.
169 2121 247 2156 200
266 2121 306 2155 et
325 2122 452 2164 notas,
471 2117 546 2155 vol.
567 2116 620 2153 iii.
641 2130 678 2167 p.
700 2118 788 2154 311.

162 2181 337 2219 Editor-is
364 2180 488 2218 officio
508 2193 570 2217 me
595 2179 778 2217 functum
806 2191 891 2216 esse
925 2178 989 2215 vix
1016 2177 1201 2225 dixerim3
1229 2177 1442 2215 lectoribus
1468 2177 1573 2214 enim

110 2259 156 2284 ea
174 2244 331 2291 tradidi,
352 2258 437 2294 quae
462 2244 711 2289 inveneram3
741 2242 845 2293 quod
863 2255 885 2280 a
904 2255 965 2279 me
984 2242 1066 2280 haee
1089 2245 1182 2280 aetas
1208 2241 1447 2292 postulabat.
1503 2239 1571 2278 In-

109 2307 430 2359 terpunctionem
446 2307 758 2357 qualemcunque
774 2305 874 2342 1111111
886 2305 1047 2343 mutavi.
1107 2305 1276 2342 Constat
1289 2308 1422 2342 autem
1436 2303 1572 2350 fuisse,

111 2373 177 2423 qui
197 2371 246 2409 ad
265 2374 437 2408 mentem
463 2383 572 2407 suam
599 2370 757 2420 scripta,
787 2371 982 2419 quotquot
1007 2368 1180 2415 ederent,
1201 2367 1469 2413 immutarent,
1490 2379 1572 2404 cor-

110 2436 299 2487 ruptelas,
319 2438 366 2471 ut
384 2434 658 2485 perhibebant,
678 2433 876 2470 tollentes.
934 2432 984 2469 Id
1003 2432 1122 2469 etiam
1143 2435 1307 2477 certum,
1328 2431 1455 2468 adhuc
1475 2442 1572 2476 esse,

111 2500 177 2549 qui
197 2497 471 2548 grammaticae,
493 2510 608 2547 quam
627 2496 846 2542 venditant,
870 2494 987 2532 nimis
1006 2494 1201 2532 rationem
1223 2493 1406 2540 habeant,
1427 2492 1572 2543 quique

110 2562 264 2614 proavis
292 2561 441 2599 nostris
469 2561 703 2608 irascantur,
737 2559 770 2597 si
796 2558 927 2596 minus
960 2557 1010 2595 ad
1034 2558 1190 2607 regulas
1218 2557 1333 2595 hasce
1362 2556 1571 2595 hodiernas

110 2624 234 2663 locuti
254 2627 359 2662 sunt.

166 2688 311 2727 Poema
343 2687 390 2725 de
420 2686 625 2725 Beowulfo
663 2687 799 2725 eodem
832 2685 1031 2724 volumine
1061 2684 1300 2732 continetur,
1334 2688 1464 2735 atque,
1497 2684 1573 2722 etsi

112 2751 322 2790 Kemblius
356 2750 497 2801 saepius
521 2750 718 2801 operarios
745 2749 991 2800 vituperavit,
1019 2748 1162 2799 quibus
1191 2748 1311 2786 codex
1337 2746 1576 2786 reficiendus.

113 2816 322 2856 mandatus
343 2819 414 2862 cst,
436 2815 546 2865 quasi
561 2815 666 2864 quod
684 2814 883 2864 integrum
904 2813 1057 2861 fuisset,
1080 2813 1343 2861 mutilassent,
1362 2825 1443 2850 non
1466 2813 1576 2858 sunt,
