1734 3115
111 229 164 264 66
399 236 461 262 DE
486 235 636 263 REBUS
658 235 707 262 IN
729 235 939 263 omEN'rF.
961 236 1294 265 MlRABILIBUS.

110 343 234 380 usque
253 329 301 366 ad
320 328 511 366 mamillas
530 328 733 379 pelliculas
752 342 941 379 equorum
954 330 1004 368 ad
1014 330 1300 369 uestimentum
1318 328 1510 367 habentes
1529 332 1570 366 et

108 394 167 431 hae
180 392 414 430 uenatrices.
433 393 600 430 maxime
618 405 690 443 pro
710 393 872 431 canibus
891 393 1013 444 tigres
1033 398 1074 432 et
1098 394 1302 445 leopardos
1321 393 1508 431 nutriunt
1527 395 1568 429 et

113 457 243 495 omnia
262 469 407 505 genera
423 456 640 494 bestiarum
661 469 747 506 quae
766 456 808 493 in
831 457 966 495 eodem
986 461 1121 496 monte
1142 462 1363 496 nascuntur
1383 469 1472 495 cum
1490 455 1570 494 illis

104 523 314 559 uenantur.

159 583 372 621 XXVIII.
401 583 455 620 Et
483 582 567 620 aliae
594 587 689 619 sunt
707 581 892 620 mulieres
920 582 977 621 ibi
1004 583 1143 621 dentes
1169 597 1353 635 aprorum
1380 583 1570 620 habentes

105 647 266 698 capillos
289 660 413 696 usque
445 645 495 683 ad
519 645 632 682 talos.
663 644 705 681 in
732 645 876 683 lumbis
906 646 1048 684 caudas
1075 646 1208 685 boum.
1239 661 1324 697 quae
1354 650 1448 684 sunt
1477 646 1566 684 altae

107 711 253 762 pedum
274 710 365 749 ‚xiii
387 709 562 761 specioso
578 721 739 759 corpore
759 709 870 759 quasi
885 722 1077 748 marmore
1092 710 1269 748 candido.
1290 710 1411 761 pedes
1423 709 1569 747 haben-

110 776 171 810 tes
209 771 359 810 cameli.
398 769 548 821 apinos.
590 769 747 818 [dentes
785 770 944 820 aprinos
959 769 996 819 12]
1029 784 1195 821 quarum
1232 771 1366 808 mthae
1396 784 1442 808 ex
1470 769 1567 820 ipsis

109 836 336 874 ceciderunt
372 848 445 886 pro
473 846 545 872 sua
572 832 817 871 obscenitate
845 847 868 872 a
896 847 1036 885 magno
1064 838 1202 873 nostro
1230 834 1441 873 macedone
1469 834 1571 871 alex-

107 900 241 938 andro.
263 899 354 950 quia
371 899 457 936 illas
476 897 590 935 uiuas
615 896 907 947 adprehendere
934 912 1014 936 non
1037 899 1169 949 potuit
1189 899 1345 937 occidit.
1366 898 1454 937 ideo
1473 897 1565 948 quia

107 968 202 1002 sunt
220 963 422 1014 publicato
442 974 603 1012 corpore
622 964 663 998 et
681 960 903 1000 inhonesto.

160 1027 324 1065 XXIX.
354 1026 474 1064 Secus
495 1037 685 1063 oceanum
704 1028 799 1062 sunt
817 1039 961 1076 genera
988 1026 1204 1064 bestiarum
1224 1039 1309 1076 quae
1329 1025 1449 1064 catini
1467 1039 1568 1063 nun-

107 1095 314 1142 cupantur.
373 1090 449 1127 Isti
476 1090 638 1128 formosi
670 1094 765 1129 sunt
797 1093 837 1128 et
866 1089 935 1127 ubi
963 1094 1058 1128 sunt
1088 1089 1265 1127 homines
1303 1089 1424 1127 cruda
1455 1101 1571 1126 carne

107 1159 148 1192 et
167 1155 282 1192 melle
301 1157 520 1192 uescentes.

159 1218 298 1255 XXX.
330 1218 380 1254 In
400 1217 559 1255 sinistra
581 1220 694 1269 parte
719 1217 827 1268 regio
854 1219 915 1254 est
942 1216 1165 1254 catinorum
1191 1218 1232 1253 et
1254 1215 1310 1253 ibi
1337 1228 1450 1265 reges
1470 1219 1569 1253 sunt

106 1281 320 1332 hospitales
341 1281 413 1318 sub
440 1294 481 1318 se
503 1281 650 1319 multos
677 1281 869 1319 habentes
898 1284 1090 1331 tyrannos
1114 1279 1287 1318 confines
1311 1293 1423 1318 secus
1456 1293 1569 1318 ocea-

107 1355 214 1380 num.
270 1341 310 1378 A
330 1341 490 1379 sinistra
507 1345 621 1393 parte
641 1345 735 1380 sunt
755 1355 869 1391 reges
889 1341 1122 1392 complures.

167 1405 330 1442 XXXI.
361 1405 453 1443 Hoc
472 1418 596 1456 genus
615 1405 820 1443 hominum
845 1404 992 1442 multos
1011 1403 1116 1442 uiuit
1138 1417 1262 1441 annos
1281 1403 1458 1441 homines
1479 1407 1573 1440 sunt

106 1468 269 1518 benigni
297 1471 337 1505 et
358 1468 389 1504 si
415 1468 481 1518 qui
501 1468 550 1506 ad
575 1481 641 1506 eos
664 1468 849 1506 uenerint
875 1481 964 1506 cum
991 1467 1223 1505 mulieribus
1252 1480 1318 1505 eos
1340 1467 1567 1505 remittunt.

84 1531 330 1572 ‘Alexander
349 1534 482 1569 autem
503 1531 673 1569 macedis
694 1545 783 1569 cum
803 1531 852 1569 ad
871 1545 938 1568 eos
957 1531 1135 1568 uenisset
1154 1530 1320 1568 miratus
1349 1534 1409 1568 est
1432 1544 1567 1568 eorum

102 1595 388 1632 humanitatem
407 1607 479 1632 nec
497 1595 628 1632 uoluit
648 1595 704 1633 eis
724 1608 866 1632 nocere
886 1607 959 1632 nec
978 1595 1085 1632 ultra
1102 1594 1233 1631 uoluit
1253 1594 1442 1632 occidere.

148 1656 352 1696 XXXII.
383 1658 486 1695 Sunt
506 1658 665 1696 arbores
690 1658 733 1695 in
760 1658 903 1709 quibus
927 1657 1078 1709 lapides
1103 1657 1269 1708 pretiosi
1290 1660 1511 1695 nascuntur
1529 1661 1570 1696 et

110 1722 165 1761 ibi
185 1722 523 1772 germinabuntur.

162 1786 377 1823 XXXIII.
407 1785 531 1824 Aliud
550 1798 676 1836 genus
695 1789 756 1824 est
775 1785 978 1824 hominum
997 1785 1113 1824 ualde
1132 1785 1292 1836 nigrum
1311 1785 1378 1836 qui
1397 1785 1570 1838 &hiopes

110 1850 154 1900 [i.
168 1863 200 1887 e.
222 1849 419 1900 ethiopes]
441 1853 646 1887 uocantur.

161 1913 368 1950 XXXIV.
397 1913 473 1950 Est
505 1916 546 1950 et
571 1913 730 1951 uineola
761 1912 830 1951 ubi
858 1915 920 1951 est
943 1912 1071 1951 lectus
1096 1912 1299 1951 eburneus
1321 1912 1569 1964 longitudine

126 1989 203 2014 .ccc
219 2006 226 2013 .
240 1975 282 2013 ui
296 2005 305 2014 .
322 1975 466 2026 pedum

161 2039 340 2077 XXXV.
370 2039 445 2076 Est
465 2042 505 2077 et
530 2052 643 2077 mons
671 2039 856 2077 adamans
884 2038 953 2077 ubi
979 2042 1040 2077 est
1065 2038 1230 2089 griphus
1259 2038 1344 2077 auis
1373 2052 1459 2090 quae
1476 2070 1483 2077 .
1500 2039 1570 2077 iiii.

111 2101 231 2152 pedes
256 2101 376 2138 habet
399 2104 518 2151 caput
537 2101 755 2151 aquilinum
783 2105 824 2138 et
853 2101 1018 2138 caudam
1042 2100 1157 2138 bonis
1183 2101 1225 2150 [l.
1250 2100 1395 2149 bouis]
1451 2102 1503 2139 In
1522 2115 1569 2141 eo

112 2164 231 2202 etia-m
245 2167 380 2201 monte
392 2167 453 2201 est
466 2164 550 2201 auis
566 2164 687 2201 foenix
704 2177 778 2214 que
794 2164 913 2201 habet
932 2163 1029 2214 xpas
1039 2163 1081 2213 [i.
1095 2176 1127 2201 e.
1149 2163 1306 2212 cristas]
1327 2164 1439 2214 quasi
1458 2165 1573 2205 orbes

111 2226 278 2278 pauonis
309 2226 447 2264 nidum
476 2226 595 2264 habet
619 2225 666 2264 de
691 2226 936 2264 cinnamomo
966 2226 1052 2276 ipsa
1076 2225 1118 2262 in
1137 2225 1227 2263 sinu
1255 2239 1326 2263 suo
1350 2230 1442 2277 post
1465 2227 1572 2266 mille

111 2304 235 2329 annos
255 2290 386 2340 ignem
405 2289 582 2328 incendit
601 2293 643 2327 et
660 2303 766 2327 noua
785 2289 833 2327 de
854 2303 896 2327 sa
914 2289 994 2327 filla
1016 2289 1060 2339 [l.
1081 2302 1122 2327 se
1141 2289 1238 2339 fflia]
1261 2293 1438 2340 exurget.

164 2353 370 2392 XXXVI.
399 2354 474 2391 Est
507 2358 547 2392 et
581 2353 681 2392 alius
710 2367 822 2392 mons
846 2353 917 2392 ubi
943 2357 1037 2391 simt
1058 2353 1236 2392 homines
1265 2353 1370 2404 nigri
1395 2354 1444 2392 ad
1473 2367 1571 2405 quos

113 2428 228 2453 nemo
249 2415 433 2453 accedere
451 2418 585 2466 potest
604 2414 696 2465 quia
713 2415 798 2466 ipse
817 2428 931 2452 mons
951 2414 1074 2452 ardet.
