1734 3115
632 183 696 210 AD
718 183 943 211 Ams‘ro'rn
953 182 1062 210 LEM.
1526 171 1577 206 55

111 279 234 314 noctu
253 290 441 328 aquarum
460 276 650 328 prodigiis
671 276 775 315 bella
786 289 1036 328 gereremus3
1058 275 1155 313 iussi
1176 275 1267 313 dato
1288 274 1401 326 signo
1414 274 1579 313 buccine

111 340 161 378 ad
179 340 257 378 iter
281 340 447 378 militem
471 340 599 392 aptari
622 369 787 379 ......
810 340 943 391 Igitur
972 340 1020 378 ab
1045 340 1141 377 hora
1168 339 1245 377 diei
1275 339 1424 378 decima
1452 352 1578 390 usque

112 403 162 442 ad
189 403 435 442 undecimam
463 417 551 442 cum
575 404 653 442 iter
677 404 920 443 fecissemus.
947 403 1120 442 uidimus
1147 403 1282 441 hostes
1305 417 1376 454 per
1406 403 1577 441 medium

113 480 269 505 amnem
289 467 405 506 factis
425 481 473 506 ex
500 468 721 506 harundine
749 468 986 520 praeteruehi
1010 467 1215 505 nauiculis.
1274 467 1383 516 Quos
1404 481 1492 506 cum
1514 468 1584 517 [ad

100 530 181 580 fol.
207 532 315 581 120]
345 531 479 570 dulces
510 545 630 583 aquas
658 535 1012 583 percunctaremur
1044 544 1115 569 sua
1143 531 1281 582 lingua
1307 531 1377 569 ubi
1407 531 1577 569 inueniri

110 598 274 646 possent
303 595 500 634 dixerunt.
557 596 706 647 Ingens
735 609 807 634 nos
841 599 1028 646 stagnum
1057 595 1283 633 dulcissime
1311 609 1410 646 aque
1439 595 1578 633 inuen-

109 662 235 705 turos,
255 673 332 710 quo
352 663 393 698 et
411 660 488 711 ipsi
507 673 579 698 nos
598 660 787 698 itinerum
804 659 922 698 duces
938 663 1051 697 erant
1072 659 1292 697 deducturi.
1352 659 1484 708 Quare
1507 690 1513 696 .
1538 690 1545 696 .
1569 689 1576 697 .

111 725 228 760 nocte
246 725 333 760 tota
352 722 643 760 ambulauimus
664 722 731 760 siti
751 727 791 761 et
811 735 930 761 onere
957 735 1155 760 armorum
1179 721 1362 760 confecti.
1421 722 1577 770 Quibus

111 784 416 824 necessitatibus
452 785 522 823 illa
558 799 713 836 quoque
744 785 1019 824 adiciebantur
1052 785 1311 833 incommoda,
1349 786 1454 836 quod
1491 791 1577 824 tota

110 851 227 886 nocte
247 848 544 886 incursantibus
563 849 745 887 leonibus
764 849 946 900 ursisque
965 849 1269 901 tygridibusque
1289 849 1421 900 pardis
1441 863 1486 888 ac
1505 849 1578 887 lin-

109 911 221 950 cibus
240 911 389 964 pariter
407 912 688 951 resistebamus
706 943 713 951 .
732 943 739 951 .
760 943 766 951 .
783 943 790 951 .
805 913 980 951 Tandem
999 913 1049 951 ad
1067 913 1202 951 horam
1224 913 1381 951 circiter
1396 917 1576 952 octauam

107 981 269 1027 postero
285 975 370 1014 die.
394 1005 401 1014 .
425 1006 432 1013 .
456 1006 463 1014 .
487 1005 493 1013 .
517 976 589 1014 .ad
606 976 838 1028 praedictum
854 976 970 1015 nobis
983 980 1166 1027 stagnum
1183 976 1451 1027 peruenimus.
1472 977 1577 1028 quod

108 1042 195 1077 erat
227 1043 459 1078 coronatum
492 1040 769 1078 uetustissima
798 1040 1165 1091 circumdatumque
1195 1040 1443 1078 habundanti
1476 1041 1576 1079 silua

107 1103 216 1142 mille
234 1117 375 1155 passus
394 1108 481 1142 tum
502 1108 656 1156 patens.
713 1104 816 1143 Cum
835 1118 929 1156 ergo
944 1118 1017 1156 ego
1038 1104 1144 1143 dulci
1159 1118 1260 1155 aqua
1273 1109 1411 1156 potata
1430 1105 1574 1156 gaudio

106 1166 234 1205 alacer
254 1167 324 1216 [ad
328 1167 407 1218 fhl.
431 1169 508 1205 120
529 1168 581 1216 b.]
602 1180 745 1218 pecora
764 1171 805 1206 et
820 1168 1106 1219 impedimenta
1125 1180 1214 1206 cum
1234 1168 1411 1206 exercitu
1425 1168 1576 1219 pariter

106 1234 148 1269 et
167 1231 270 1269 lassa
289 1231 558 1283 quadrupedia
584 1232 755 1270 militum
777 1231 1014 1279 refecissem,
1034 1231 1167 1270 metiri
1190 1235 1319 1270 castra
1343 1231 1386 1269 in
1411 1232 1573 1283 longum

106 1294 235 1333 stadia
255 1294 358 1333 .xxii.
370 1294 625 1346 *totidemque
638 1295 681 1333 in
699 1295 826 1334 latum
853 1295 1036 1334 collocari
1055 1295 1164 1334 iussi.
1224 1295 1380 1344 Quibus
1394 1296 1575 1334 celeriter

106 1358 249 1397 erectis
268 1358 386 1398 iubeo
406 1359 492 1398 cedi
511 1373 652 1398 nemus
672 1363 719 1397 ut
745 1359 899 1398 facilior
917 1359 1172 1411 aquatoribus
1192 1364 1297 1397 esset
1317 1373 1496 1398 accessus
1525 1361 1574 1399 ad

102 1422 252 1461 flumen
274 1453 280 1461 .
305 1453 312 1460 .
331 1453 339 1461 .
356 1422 491 1474 Igitur
509 1423 616 1462 inter
629 1423 716 1475 ipsa
735 1424 912 1462 tentoria
926 1423 1222 1475 aggerebantur
1233 1423 1518 1474 impedimenta
1533 1429 1573 1462 et

103 1486 267 1525 elefanti
286 1487 328 1525 in
346 1487 476 1526 media
487 1491 706 1526 castrorum
719 1491 833 1540 parte
849 1488 1156 1526 collocabantur.
1174 1491 1220 1525 ut
1232 1488 1364 1539 aptius
1378 1489 1574 1527 contineri

103 1554 278 1602 possent,
299 1552 453 1602 [adfhl.
476 1553 585 1601 121.]
607 1552 640 1590 si
660 1552 747 1603 quis
767 1555 891 1590 noctu
908 1583 915 1590 .
936 1583 942 1590 .
960 1552 1133 1590 oriretur
1151 1565 1276 1603 pauor
1294 1552 1573 1603 tumultusque

103 1614 244 1666 aliquis
263 1628 405 1653 nouus
465 1615 567 1653 Cum
586 1615 662 1653 iam
684 1616 791 1653 mille
811 1615 1022 1667 quingenti
1041 1616 1288 1654 extrinsecus
1308 1619 1441 1654 essent
1460 1616 1574 1667 ignes

103 1678 258 1716 accensi
277 1677 496 1716 sufficiente
517 1678 618 1716 silua
638 1682 832 1729 quantum
852 1680 1045 1718 uellemus
1062 1679 1203 1718 deinde
1219 1684 1394 1718 testante
1406 1680 1574 1719 buccina

102 1740 234 1779 cibum
245 1744 286 1779 et
300 1741 386 1792 ipse
401 1741 488 1793 cepi
503 1745 544 1780 et
556 1742 750 1780 militibus
764 1756 903 1794 capere
918 1743 1123 1794 imperaui.
1137 1744 1310 1782 accensis
1325 1745 1574 1796 lampadibus

101 1804 231 1843 aureis
251 1805 302 1843 ad
319 1805 481 1843 modum
500 1805 656 1844 duobus
676 1805 848 1844 milibus.
908 1807 1010 1845 Cum
1029 1807 1078 1845 ad
1097 1808 1244 1859 primos
1264 1808 1358 1847 lune
1377 1808 1572 1847 radiantis

102 1871 215 1907 ortus
241 1868 376 1907 subito
401 1869 544 1907 erectis
568 1870 783 1908 caudarum
810 1870 957 1909 aculeis
984 1884 1007 1909 a
1028 1872 1281 1922 pascualibus
1307 1872 1448 1910 indicis
1468 1886 1572 1911 scor-

101 1932 240 1983 piones
268 1937 498 1971 consuetam
526 1937 712 1984 petentes
740 1934 992 1985 aquationem
1021 1935 1071 1973 ad
1100 1942 1229 1974 castra
1257 1936 1457 1974 innumeri
1481 1950 1571 1975 con-

103 1996 252 2034 fluxere
274 2025 282 2033 .
304 2025 313 2034 .
338 2025 345 2033 .
368 1996 467 2035 Haec
494 1997 676 2048 prodigia
694 1997 907 2049 insequuta
936 2002 997 2037 est
1025 1999 1217 2038 immensa
1243 2000 1305 2038 uis
1329 2004 1570 2039 cerastarum

100 2059 428 2111 humidarumque
448 2064 680 2111 serpentum
705 2062 826 2100 uariis
859 2062 1049 2101 distincta
1072 2063 1280 2102 coloribus.
1337 2064 1444 2102 Nam
1467 2079 1570 2116 quae-

99 2122 189 2160 dam
221 2123 460 2162 rubentibus
487 2125 627 2163 scamis
657 2129 784 2164 erant.
814 2126 991 2177 quaedam
1021 2126 1125 2178 nigri
1153 2131 1195 2166 et
1225 2128 1381 2167 candidi
1415 2130 1568 2169 coloris.

100 2187 277 2237 quaedam
297 2187 383 2225 auri
407 2187 553 2239 fulgori
580 2188 728 2227 similes
754 2189 1072 2241 inspiciebantur
1092 2192 1163 2241 [ad
1167 2192 1246 2242 fid.
1269 2195 1344 2231 121
1366 2194 1418 2243 b.]
1440 2194 1570 2233 sibila-

99 2247 168 2286 bat
186 2251 273 2286 tota
291 2248 400 2299 regio
419 2262 500 2287 non
520 2263 688 2301 paruum
707 2251 822 2289 nobis
842 2251 1059 2290 inferentes
1078 2256 1241 2291 metum.
1299 2254 1377 2293 Sed
1395 2255 1569 2294 frontem

99 2315 318 2350 castrorum
348 2311 608 2351 densabamus
642 2313 779 2365 clipeis
809 2318 850 2352 et
883 2315 926 2352 in
958 2316 1140 2354 manibus
1159 2317 1297 2368 longas
1328 2318 1571 2358 habebamus

99 2375 243 2414 hastas.
265 2390 432 2427 quorum
452 2377 690 2416 acutissimis
711 2378 872 2429 spiculis
892 2379 1014 2417 malas
1040 2384 1174 2431 pestes
1193 2382 1498 2432 configebamus.
1528 2388 1568 2422 et

99 2438 259 2490 ignibus
278 2440 413 2491 plures
432 2441 681 2479 necabamus.
739 2441 838 2490 Quae
863 2455 926 2481 res
952 2456 1024 2481 nos
1051 2457 1174 2495 prope
1201 2445 1298 2483 duas
1324 2445 1440 2485 horas
1460 2448 1502 2485 in
1521 2461 1569 2486 eo

99 2515 216 2554 opere
236 2503 427 2543 sollicitos
447 2505 591 2544 tenuit.
649 2505 794 2544 Potata
817 2519 916 2557 aqua
941 2507 1114 2546 minores
1137 2508 1244 2546 abire
1271 2514 1463 2560 ceperunt
1489 2525 1571 2550 ser-

96 2569 239 2617 pentes
250 2567 416 2606 maiores
432 2581 521 2606 cum
532 2568 689 2620 ingenti
701 2569 844 2620 gaudio
857 2573 994 2608 nostro
1006 2570 1179 2610 latebras
1191 2572 1407 2623 petierunt.
1466 2575 1568 2613 Cum

98 2629 147 2668 ad
172 2630 309 2668 horam
335 2631 464 2669 noctis
493 2632 652 2670 tertiam
681 2632 852 2684 aliquam
882 2634 1135 2685 sperantibus
1164 2635 1278 2674 nobis
1307 2637 1482 2688 requiem
1511 2639 1569 2677 bi-

98 2707 241 2732 norum
261 2693 534 2746 trinorumque
555 2696 728 2747 capitum
749 2696 903 2734 cristati
919 2702 1124 2749 serpentes
1144 2698 1264 2738 indici
1280 2700 1567 2740 collumnariun
