1734 3115
127 232 181 267 62
395 240 623 268 EPISTOLA
644 240 928 269 ALEXANDRI
949 242 1011 269 AD
1034 241 1383 269 ARISTOTELEM.

128 346 254 372 essem
273 332 323 371 ad
347 332 518 384 primum
545 334 638 372 solis
658 338 790 372 ortum
817 334 860 372 in
883 334 1052 373 sacrario
1078 334 1281 374 collocaui.
1340 334 1505 373 Postero
1526 334 1589 372 die

126 396 325 434 matutino
344 396 643 448 expergefactus
665 397 849 436 diluculo.
876 398 1022 436 amicos
1050 398 1170 437 etiam
1199 398 1438 449 semisopore
1465 411 1590 436 sonno

126 459 318 498 excitatos
337 459 432 498 uidi.
489 460 567 498 Sed
594 460 722 498 adhuc
750 460 834 512 ipse
863 474 1017 512 quoque
1041 461 1222 499 sacerdos
1244 461 1402 499 uelatus
1421 461 1592 512 pellibus

125 523 263 561 ferinis
285 524 438 574 [adfol.
462 523 571 573 127]
593 523 831 574 quiescebat.
851 524 1060 575 positaque
1080 528 1173 562 ante
1200 538 1290 562 eum
1309 525 1450 575 ingens
1470 524 1589 563 cliba-

125 591 216 625 tura
238 588 444 639 (intelli-qe,
461 587 645 638 placenta
664 587 812 625 clibano
831 587 955 637 cocta)
979 591 1075 625 erat.
1100 601 1216 638 quam
1236 587 1294 624 illi
1317 588 1422 637 (ille)
1444 601 1490 626 ex
1511 588 1590 639 pri-

126 651 241 689 diana
260 664 356 689 cena
386 654 619 702 sumpserat.
646 654 687 688 et
711 650 839 688 culter
864 650 1076 689 eburneus.
1132 650 1238 688 Nam
1261 664 1326 689 ere
1350 654 1391 689 et
1421 651 1526 689 ferro
1549 655 1590 689 et

126 715 289 766 plumbo
319 718 359 752 et
388 718 552 765 argento
579 717 711 765 egent.
736 727 832 752 auro
861 714 1109 752 habundant.
1136 714 1386 765 opobalsamo
1412 718 1453 752 et
1472 715 1590 752 thure

123 781 355 816 uescuntur.
376 777 618 829 cadenteque
638 777 724 815 riuo
743 790 883 829 puram
903 792 951 816 ex
970 778 1102 816 uicino
1122 782 1257 816 monte
1277 782 1418 829 potant
1438 791 1589 830 aquam.

125 841 321 879 Homines
341 841 577 879 accubantes
598 845 639 879 et
665 841 913 892 quiescentes
941 841 1026 880 sine
1045 841 1138 880 ullis
1158 842 1419 881 ceruicalibus
1439 842 1591 880 stratis—

125 918 200 955 que
222 908 381 943 tantum
411 904 582 955 pellibus
615 904 788 942 ferarum
809 934 818 943 .
841 934 848 942 .
872 935 879 942 .
903 935 911 942 .
931 904 1117 943 Excitato
1144 905 1347 943 sacerdote
1373 905 1506 944 lucum
1532 906 1591 943 in·

123 968 240 1006 trani.
278 968 400 1006 tertio
437 968 707 1006 consuliturus
745 968 910 1007 eandem
948 968 1234 1007 sanctissimam
1269 969 1362 1007 solis
1399 969 1589 1007 arborem.

124 1033 236 1072 cuius
256 1036 422 1071 mortem
437 1032 678 1084 percussoris
693 1046 813 1070 manu
832 1032 1046 1071 cauendam
1061 1033 1238 1071 habeam.
1252 1046 1419 1083 quemue
1439 1033 1590 1071 exitum

124 1101 251 1135 mater
269 1110 355 1134 mea
375 1109 604 1146 sororesque
628 1110 712 1134 mee
737 1096 920 1135 habiture
947 1096 1039 1134 sint.
1095 1096 1228 1135 Arbor
1248 1110 1361 1147 grece
1381 1096 1491 1134 dixit.
1547 1097 1590 1134 Si

124 1159 262 1198 mortis
286 1160 439 1210 [adsol.
462 1160 537 1198 127
558 1159 610 1209 b.]
632 1164 701 1198 tue
720 1160 795 1198 tibi
813 1160 1085 1198 insidiatorem
1104 1159 1326 1211 prodidero.
1357 1160 1515 1198 sublato
1543 1174 1589 1198 eo

123 1224 238 1262 facile
256 1224 450 1262 instantia
467 1223 550 1262 fata
568 1224 741 1262 mutabis
760 1223 934 1275 mihique
954 1228 1036 1262 tres
1056 1223 1318 1273 irascent[u1·]
1344 1237 1496 1262 sorores
1519 1253 1527 1261 .
1549 1254 1558 1261 .
1580 1254 1588 1262 .

124 1288 261 1326 clotos.
295 1287 474 1326 lachesis.
504 1291 675 1339 atropos.
731 1287 866 1338 Igitur
890 1292 981 1339 post
1011 1301 1160 1327 annum
1188 1291 1229 1326 et
1258 1301 1412 1326 menses
1444 1301 1589 1326 nouem

123 1352 322 1390 babilonia
341 1351 529 1390 morieris.
550 1365 632 1390 non
650 1351 754 1389 ferro
778 1351 883 1402 quod
909 1351 1135 1403 suspicaris.
1160 1365 1242 1390 non
1261 1365 1358 1390 auro
1376 1365 1504 1403 neque
1530 1366 1590 1390 ar-

123 1420 256 1466 gento.
287 1429 414 1467 neque
448 1415 530 1453 ullo
560 1416 732 1454 metallo.
771 1415 840 1454 sed
872 1429 1041 1454 ueneno.
1099 1416 1235 1454 Mater
1266 1420 1338 1453 tua
1367 1415 1590 1454 miserando

123 1480 432 1530 turpissimoque
466 1479 576 1517 exitu
605 1479 811 1530 sepultura
847 1479 1011 1518 carebit.
1040 1479 1260 1530 iacebitque
1298 1479 1340 1517 111
1368 1479 1434 1518 1113
1461 1480 1593 1531 praeda

100 1564 106 1570 «
123 1543 257 1581 311111111
276 1542 538 1593 ferarumque.
597 1542 756 1580 Sorores
776 1546 846 1580 tue
865 1542 999 1581 felices
1013 1546 1131 1580 erunt
1150 1542 1232 1580 fato
1246 1542 1327 1580 diu.
1349 1545 1396 1580 tu
1414 1543 1499 1594 ipse
1514 1543 1590 1580 etsi

122 1607 243 1645 breue
256 1610 437 1658 superest
449 1606 524 1644 tibi
536 1610 706 1657 tempus.
723 1606 905 1644 dominus
917 1611 1003 1644 tum
1017 1606 1121 1644 orbis
1134 1610 1328 1644 terrarum
1341 1606 1428 1644 eris.
1467 1607 1589 1644 Nunc

123 1670 239 1708 modo
269 1683 363 1708 caue
391 1683 442 1707 ne
470 1683 542 1707 nos
571 1668 739 1707 ulterius
769 1669 981 1707 scisciteris
1014 1669 1091 1707 iam
1120 1669 1263 1707 excede
1291 1669 1482 1708 terminos
1509 1670 1589 1709 luci

121 1734 261 1773 nostri.
283 1738 323 1772 et
343 1734 392 1772 ad
411 1734 582 1772 fasiacen
594 1746 813 1785 porumque
825 1738 1037 1772 reuertere.
1095 1734 1171 1772 Sed
1184 1737 1224 1771 et
1240 1734 1395 1772 monuit
1409 1735 1588 1773 sacerdos

122 1802 169 1837 ut
187 1811 442 1849 pergeremus
470 1798 539 1847 [ad
549 1798 628 1847 fol.
651 1798 760 1846 12S.]
784 1797 922 1835 fletum
947 1797 1223 1848 ululatumque
1252 1801 1433 1836 nostrum
1459 1812 1588 1837 sacras

123 1863 282 1901 arbores
308 1862 442 1900 dicens
462 1861 673 1900 offendisse
701 1889 710 1899 .
728 1890 737 1899 .
754 1890 763 1899 .
780 1890 790 1899 .
818 1861 896 1899 Eas
919 1875 1014 1899 uero
1029 1874 1148 1899 uoces
1177 1889 1319 1900 ......
1348 1875 1395 1900 ex
1421 1875 1491 1900 sua
1510 1862 1588 1901 fide

121 1931 163 1966 et
182 1940 268 1965 meo
290 1926 480 1977 tegebant
508 1925 671 1964 consilio
683 1952 1580 1965 ..................................

131 2019 380 2030 ..........
410 1989 562 2040 [adfol.
591 1990 666 2028 128
687 1990 740 2039 b.]
764 1989 928 2027 Nouum
943 1992 1258 2040 perpetuumque
1274 1989 1486 2027 statuimus
1509 1990 1589 2028 uir-

121 2055 277 2093 tutibus
298 2054 585 2092 monimentum
604 2056 651 2090 ut
676 2052 936 2091 inuidendum
960 2052 1238 2090 immortalitas
1264 2056 1369 2091 esset
1395 2057 1587 2104 perpetua

121 2122 162 2156 et
191 2117 304 2155 nobis
338 2116 471 2168 opinio
501 2120 542 2154 et
579 2115 700 2153 animi
729 2115 928 2154 industria
961 2115 1102 2166 optimi
1132 2115 1349 2153 aristotelis
1382 2115 1584 2154 iudicium.

122 2181 224 2230 [Alii
243 2180 357 2220 aliter
375 2180 457 2218 haec
476 2183 676 2231 postrema
694 2179 844 2217 habent
864 2178 1050 2228 codices]

555 2380 656 2426 MS.
685 2379 808 2426 Cott.
835 2378 936 2425 Tib.
975 2379 1028 2424 B.
1058 2378 1113 2424 V.

175 2495 208 2532 I.
241 2494 404 2533 Colonia
423 2498 483 2532 cst
503 2493 664 2532 initium
682 2494 729 2532 ab
750 2493 993 2532 antimolima
1020 2493 1113 2544 quia
1132 2493 1252 2531 habet
1274 2493 1400 2531 stadia
1419 2505 1583 2530 numero

120 2558 336 2609 quingenta
348 2572 432 2609 quae
450 2558 603 2596 faciunt
622 2558 758 2596 leuuas
784 2560 963 2595 trecenta
985 2557 1190 2607 sexaginta
1209 2559 1309 2594 octo.
1341 2570 1425 2607 quae
1455 2556 1585 2594 insula

119 2623 238 2661 habet
272 2622 568 2660 multitudinem
605 2622 751 2660 ouium.
781 2625 823 2659 et
849 2621 940 2659 inde
969 2620 1018 2658 ad
1045 2619 1288 2658 babiloniam
1324 2620 1451 2658 stadia
1488 2624 1583 2658 sunt

119 2690 279 2725 centum
300 2686 503 2737 sexaginta
523 2690 612 2724 octo
631 2699 796 2724 numero
816 2698 901 2736 quae
920 2683 1074 2722 faciunt
1094 2683 1243 2721 16111138.
1272 2685 1295 2708 ³ss
1340 2685 1365 2709 ²¹²

173 2750 234 2788 II.
265 2750 364 2788 Haec
391 2750 542 2789 colonia
567 2753 629 2788 est
652 2749 817 2788 maxime
845 2748 1136 2799 negotiatorum
1163 2748 1231 2786 ubi
1251 2752 1470 2786 nascuntur
1498 2748 1580 2786 ber-
