1734 3115
663 175 728 201 AD
752 174 1103 202 ARISTOTELEM.
1582 166 1635 201 59

170 264 336 303 militem
355 265 463 304 iussi.
520 265 627 304 Nam
646 270 687 305 et
706 267 824 305 flatus
850 267 936 304 euri
963 267 1161 305 deciderat
1180 271 1221 306 et
1241 267 1366 318 frigus
1386 266 1527 317 ingens
1547 279 1633 304 ues-

166 328 325 378 pertino
353 328 599 368 accrescebat
627 333 817 381 tempore.
876 330 1025 368 Cadere
1062 344 1153 368 mox
1180 330 1223 368 in
1251 330 1410 368 modum
1439 329 1632 368 uellerum

166 390 356 430 immense
375 396 567 444 ceperunt
585 392 696 431 nives
716 393 874 443 [adfol.
896 394 1006 442 113.]
1026 407 1192 444 quarum
1212 394 1535 445 aggregationem
1554 407 1632 432 me-

166 457 285 493 tuens
313 469 364 494 ne
395 460 524 495 castra
552 457 874 495 cumularentur:
904 457 1052 496 calcare
1080 457 1247 495 militem
1281 457 1415 495 niuem
1442 457 1558 495 iubeo
1587 460 1634 495 ut

166 532 284 569 quam
302 520 473 571 primum
499 520 644 559 iniuria
671 520 816 572 pedum
835 521 1069 559 tabesceret.
1088 521 1351 573 proderentur
1370 524 1410 559 et
1435 520 1547 572 ignes
1567 520 1635 558 ali-

166 586 362 633 quatenus
381 584 448 634 qui
468 583 510 621 in
528 584 621 622 niue
635 597 736 635 pene
749 588 863 622 erant
883 584 1061 622 extincti.
1117 584 1208 622 Vna
1224 588 1310 622 tum
1325 597 1388 621 res
1407 583 1485 621 suit
1495 577 1632 621 saluti.

167 646 272 697 quod
289 646 332 684 in
351 652 552 686 momento
572 648 764 699 temporis
790 649 840 686 he
864 648 1022 699 delapse
1042 651 1136 686 sunt
1156 648 1281 686 niues.
1303 648 1426 686 imbre
1446 648 1634 685 ueniente

164 709 286 761 largo.
325 724 442 761 quem
478 711 661 763 protinus
694 715 781 749 atra
816 711 943 749 nubes
977 715 1145 762 sequuta
1175 715 1249 750 est.
1304 711 1478 762 Viseque
1508 710 1636 749 nubes

166 774 351 813 ardentes
372 776 419 814 de
439 776 522 814 celo
542 780 731 826 tanquam
751 775 856 814 faces
883 775 1074 813 decidere.
1099 778 1146 812 ut
1166 775 1348 813 incendio
1369 788 1503 813 earum
1523 778 1634 812 totus

166 850 326 889 campus
345 838 513 877 arderet.
568 838 824 876 Verebantur
843 839 972 876 dicere
991 851 1042 876 ne
1058 838 1222 876 deorum
1242 838 1300 876 ira
1312 841 1509 889 premeret
1529 837 1634 888 quod

165 913 239 951 ego
258 900 427 950 hero[i.s·]
452 901 624 939 herculis
647 901 840 952 liberique
864 900 1036 952 uestigia
1060 900 1285 952 transgredi
1309 904 1474 938 conatus
1495 913 1634 938 essem.

165 963 274 1002 Iussi
292 978 386 1016 ergo
407 965 547 1004 scissas
566 969 700 1004 uestes
721 979 919 1017 opponere
942 965 1114 1016 ignibus.
1171 965 1263 1003 Nox
1284 978 1423 1003 serena
1442 963 1633 1002 continuo

164 1028 320 1067 reddita
338 1033 400 1067 est
418 1029 533 1068 nobis
553 1029 772 1068 orantibus.
797 1030 950 1080 [adfol.
972 1031 1049 1067 113
1071 1029 1123 1079 b.]
1153 1029 1254 1066 Tum
1274 1028 1386 1079 ignes
1408 1042 1455 1066 ex
1474 1028 1633 1078 integro

165 1092 438 1131 accenduntur
460 1097 501 1131 et
534 1093 582 1132 ab
610 1094 758 1132 securis
786 1093 902 1131 nobis
928 1093 1044 1145 epule
1073 1092 1298 1144 capiuntur.
1323 1096 1364 1129 et
1390 1091 1523 1129 triduo
1544 1105 1634 1130 con-

165 1155 280 1194 tinuo
311 1156 394 1195 sine
428 1157 508 1195 sole
537 1157 642 1196 claro
670 1157 710 1195 id
746 1156 862 1195 nobis
896 1156 1040 1195 accidit
1077 1156 1277 1207 pendente
1308 1155 1451 1193 minaci
1482 1154 1632 1192 nubilo.

168 1218 300 1267 Quare
319 1234 393 1271 ego
413 1221 579 1272 sepultis
598 1221 809 1259 admodum
834 1220 1063 1271 quingentis
1085 1219 1277 1258 militibus
1305 1219 1372 1270 qui
1394 1219 1501 1256 inter
1520 1218 1635 1256 niues

166 1283 371 1334 perierunt
391 1288 520 1322 castra
544 1284 636 1322 inde
664 1284 810 1322 mutari
833 1284 1037 1335 imperaui.
1094 1283 1201 1321 Nam
1231 1286 1271 1320 et
1300 1282 1407 1321 edita
1430 1282 1512 1320 celo
1543 1295 1634 1333 pro-

166 1348 365 1387 muntoria
384 1349 433 1387 ad
452 1363 642 1387 oceanum
660 1349 703 1387 in
723 1348 899 1400 ethiopia
917 1348 1091 1386 uidimus
1115 1351 1156 1385 et
1183 1347 1337 1386 enesios
1359 1360 1514 1397 quoque
1534 1346 1634 1384 uidi-

165 1425 254 1450 mus
273 1416 441 1451 montes.
461 1416 502 1452 et
515 1417 675 1451 antrum
687 1413 801 1451 liberi
814 1426 890 1464 quo
907 1413 1057 1463 aliquos
1070 1411 1247 1463 perditos
1263 1411 1497 1449 immisimus
1514 1424 1636 1461 quum

167 1476 402 1515 dicebantur
437 1477 558 1515 tertia
591 1476 653 1515 die
681 1476 858 1515 febribus
887 1476 998 1514 mori.
1028 1474 1096 1526 qui
1125 1475 1356 1526 speluncam
1389 1473 1635 1512 introissent.

167 1539 285 1588 Quod
303 1539 426 1578 fuisse
445 1539 700 1578 manifestum
712 1539 909 1577 mortibus
923 1552 1060 1577 eorum
1074 1537 1345 1590 probauimus.
1360 1551 1481 1588 quum
1494 1536 1636 1574 intrari

164 1607 328 1655 propter
346 1603 575 1655 religionem
596 1617 677 1641 non
696 1606 853 1654 poterat
874 1615 1027 1654 specus.
1048 1605 1089 1639 et
1110 1601 1194 1639 sine
1210 1600 1454 1638 muneribus.
1479 1600 1633 1650 [adfol.

168 1666 277 1716 114]
296 1666 469 1718 Supplex
495 1666 654 1704 orabam
682 1665 847 1704 numina
871 1669 917 1703 ut
944 1678 1006 1703 me
1032 1678 1166 1715 regem
1192 1668 1389 1702 terrarum
1414 1677 1503 1701 cum
1527 1663 1635 1701 sulli-

164 1730 293 1768 mibus
312 1729 489 1781 tropheis
508 1729 823 1781 triumphantem
842 1729 884 1766 in
903 1728 1172 1767 macedoniam
1188 1727 1390 1779 olimpiadi
1411 1726 1529 1765 matri
1549 1739 1634 1765 mee

163 1794 416 1832 remitterent
431 1823 534 1832 .....
548 1793 646 1832 iussi
662 1792 883 1844 [con]uerti
898 1793 1012 1843 signa
1023 1792 1065 1830 in
1080 1791 1253 1835 fasiacen
1274 1822 1282 1830 .
1302 1822 1309 1829 .
1333 1821 1340 1829 .
1364 1821 1372 1829 .
1393 1791 1573 1841 Tumque
1593 1790 1636 1828 111

163 1856 307 1895 itinere
328 1887 335 1895 .
358 1886 367 1895 .
389 1887 397 1895 .
419 1857 496 1895 duo
520 1870 632 1896 senes
658 1856 772 1895 nobis
795 1856 892 1894 facti
919 1859 1014 1893 sunt
1038 1855 1208 1893 obuiam.
1267 1854 1379 1903 Quos
1400 1867 1490 1892 cum
1510 1853 1636 1891 inter-

162 1935 343 1972 rogarem
361 1921 395 1960 si
414 1921 508 1972 quid
526 1924 690 1959 nossent
709 1921 751 1959 in
778 1921 846 1958 illa
870 1920 1032 1970 regione
1052 1919 1216 1970 dignum
1243 1918 1392 1969 aliquid
1412 1918 1460 1956 ad
1482 1921 1633 1969 specta-

164 1986 297 2024 culum
324 1985 614 2036 responderunt
640 1984 737 2022 mihi
762 1997 847 2022 esse
874 1983 981 2021 uiam
1010 1996 1092 2021 non
1117 1983 1286 2034 amplius
1313 1982 1450 2020 decem
1480 1981 1633 2019 dierum

162 2062 350 2101 perquam
363 2048 559 2087 difficilem
574 2052 707 2086 tamen
723 2061 902 2086 accessus
917 2050 1081 2098 propter
1092 2046 1299 2097 penuriam
1311 2058 1420 2096 aquae
1432 2045 1634 2095 tantisque

161 2112 454 2164 impedimentis
475 2112 507 2150 si
527 2125 616 2150 cum
635 2111 824 2149 uniuerso
850 2123 1014 2161 pergere
1033 2109 1178 2147 uellem
1198 2109 1386 2147 exercitu.
1445 2108 1633 2146 Ceterum

162 2176 195 2214 si
214 2179 456 2214 commeatus
486 2175 548 2213 ‚xL
573 2175 723 2212 milium
744 2174 947 2212 homiuum
968 2186 1230 2225 proponerem
1258 2176 1423 2224 propter
1442 2175 1632 2223 angustas

163 2239 334 2278 semitas.
355 2243 396 2277 et
410 2239 585 2277 bestiosa
603 2239 713 2276 loca:
743 2251 859 2289 posse
888 2237 985 2274 mihi
1005 2236 1236 2287 contingere
1262 2240 1309 2274 ut
1329 2236 1488 2287 aliquod
1507 2236 1632 2273 incre-

163 2303 282 2342 dibile
311 2303 575 2355 prospicerem
598 2302 819 2352 negocium.
876 2301 976 2338 Tum
1007 2314 1080 2351 ego
1111 2314 1158 2338 eo
1187 2314 1377 2351 responso
1403 2300 1531 2338 letus:
1565 2300 1635 2350 [ad

149 2368 228 2418 fol.
258 2370 336 2405 114
364 2367 416 2417 b.]
448 2367 566 2405 dicite
595 2366 691 2403 mihi
714 2365 873 2416 inquam
903 2365 980 2403 duo
1010 2378 1123 2402 senes
1152 2364 1412 2402 humanitatis
1444 2364 1531 2415 lege
1565 2377 1632 2402 eos

162 2431 340 2470 mulcens
356 2447 364 2469 :
394 2430 489 2482 quid
509 2430 561 2468 sit
580 2429 679 2468 illud
694 2429 798 2480 quod
817 2429 915 2466 mihi
940 2432 1022 2466 tam
1042 2428 1197 2466 illustre
1217 2431 1257 2466 et
1276 2431 1358 2465 tam
1378 2427 1631 2478 magnificum

163 2494 417 2546 pollicemini.
473 2494 573 2531 Tum
594 2507 699 2531 unus
723 2493 966 2531 exhilaratus
986 2491 1130 2529 blanda
1150 2504 1236 2528 mea
1255 2504 1364 2528 uoce.
1385 2489 1539 2528 uidebis
1562 2503 1631 2527 rex

162 2559 396 2610 quicumque
416 2571 458 2596 es
476 2557 607 2609 inquit
628 2557 725 2595 duas
752 2556 844 2594 solis
874 2559 915 2593 et
935 2556 1029 2593 lune
1049 2554 1209 2592 arbores
1232 2554 1361 2592 indice
1381 2558 1422 2592 et
1442 2566 1556 2605 grece
1575 2553 1630 2591 lo-

161 2625 341 2673 quentes.
378 2635 543 2672 quarum
580 2621 731 2671 lignum
760 2619 874 2657 uirile
903 2622 964 2657 est
994 2618 1098 2656 solis.
1128 2618 1298 2656 alterum
1327 2621 1388 2656 est
1415 2617 1629 2655 femineum

161 2687 265 2725 lune.
299 2688 341 2724 et
370 2685 417 2724 ab
455 2685 516 2723 his
549 2698 633 2736 quae
662 2683 737 2722 tibi
770 2683 921 2721 instant
960 2682 1062 2720 bona
1088 2686 1156 2720 aut
1187 2681 1289 2720 mala
1321 2695 1437 2720 nosse
1467 2681 1629 2733 poteris.

1338 2757 1348 2782 1
1377 2752 1399 2776 ·)

1375 2777 1395 2785 ,ι-
