1734 3115
600 189 829 216 MAMBRES
863 189 1081 218 MAGICVS.
1519 180 1570 223 67

399 342 500 389 MS.
529 342 652 389 Cott.
680 341 904 397 Tiberius,
931 341 983 388 B.
1012 341 1067 387 V.
1096 340 1169 387 fol.
1202 342 1278 389 87.

159 459 332 511 Aperuit
350 459 546 497 mambres
565 458 686 497 libros
706 458 877 509 magicos
896 458 1039 496 fratres
1056 457 1101 506 [l.
1121 456 1275 504 fratris]
1290 455 1351 493 sui
1370 454 1511 492 iamnis
1532 458 1573 491 et

105 523 201 561 fecit
214 522 516 561 nicromantiam
528 526 568 560 et
584 521 721 560 eduxit
733 522 781 560 ab
794 521 930 560 inferis
943 521 1092 559 idolum
1108 519 1250 558 fiatres
1267 519 1311 567 [l.
1332 518 1484 566 fratris]
1498 516 1571 554 sui.

158 587 382 638 Respondit
402 586 440 625 ei
458 586 588 624 anima
606 586 756 624 iamnes
772 585 927 624 dicens:
958 585 1045 636 Ego
1064 584 1188 622 frater
1207 587 1303 621 tuus
1323 595 1404 619 non
1422 581 1572 618 iniuste

106 655 287 689 mortuus
307 664 404 689 sum.
462 650 538 688 Sed
553 663 647 688 uere
666 650 771 687 iuste
791 653 831 687 et
846 649 921 687 ibit
941 648 1151 687 aduersum
1163 660 1225 685 me
1244 644 1434 684 iudicium
1451 657 1572 694 quum

106 714 323 765 sapientior
341 727 447 752 eram
466 713 642 752 omnium
671 713 911 764 sapientium
936 725 1152 763 magorum.
1209 710 1264 749 Et
1287 709 1397 748 astiti
1418 708 1572 747 duobus

107 777 298 816 fratribus
329 776 457 828 moysi
483 781 524 815 et
553 790 672 814 aaron
700 776 767 827 qui
794 775 976 814 fecerunt
1010 774 1123 826 signa
1152 778 1192 813 et
1220 773 1401 826 prodigia
1429 784 1574 822 magna

105 844 269 892 propter
296 841 371 879 hoc
396 844 578 878 mortuus
610 853 698 877 sum
727 843 768 877 et
795 839 989 877 deductus
1016 852 1105 877 sum
1133 851 1154 876 e
1180 837 1310 875 medio
1334 837 1384 874 ad
1411 835 1571 873 inferos.

107 905 191 943 Ubi
209 909 270 943 est
299 904 521 943 combustio
548 917 690 955 magna
709 908 750 942 et
777 904 887 942 lacus
915 903 1151 955 perditionis
1179 902 1286 940 unde
1314 914 1396 939 non
1424 904 1485 938 est
1515 912 1572 937 as-

107 982 260 1007 census.
314 968 369 1006 Et
387 981 495 1006 nunc
520 967 644 1006 frater
671 967 725 1005 mi
753 968 928 1005 mambre
957 967 1126 1005 adtende
1152 966 1227 1004 tibi
1246 966 1288 1003 in
1315 965 1401 1003 uita
1428 968 1497 1001 tua
1526 967 1572 1000 ut

105 1032 326 1071 benefacias
345 1033 436 1072 filiis
455 1033 536 1071 tuis
557 1036 597 1071 et
616 1032 752 1071 amicis
772 1032 877 1084 apud
896 1032 1043 1070 inferos
1063 1031 1166 1070 enim
1188 1030 1287 1068 nihil
1307 1034 1367 1068 est
1386 1028 1481 1067 boni
1496 1027 1572 1064 nisi

105 1095 271 1134 tristitia
289 1099 330 1133 et
348 1095 513 1134 tenebre
533 1098 574 1133 et
592 1098 800 1146 postquam
821 1099 1002 1134 mortuus
1022 1094 1144 1132 fueris
1167 1122 1447 1130 ..........
1469 1090 1573 1128 feros

104 1159 211 1196 inter
229 1162 407 1197 mortuos
426 1158 548 1197 fuerit
567 1158 694 1197 abitat
716 1188 936 1195 ........
957 1158 1040 1196 lata
1059 1157 1204 1196 cubitis
1231 1160 1271 1194 et
1290 1156 1407 1206 longa
1427 1153 1572 1192 cubitis

107 1226 306 1273 quattuor.

274 1540 468 1588 NOTAE
504 1540 574 1587 IN
613 1540 975 1589 EPISTOLAM
1010 1539 1408 1588 ALEXANDRI.

164 1673 298 1721 Codex
317 1672 524 1711 ambustus
545 1675 663 1723 atque
682 1672 865 1710 incendio
891 1672 1170 1724 pessumdatus
1188 1672 1252 1711 hie
1271 1672 1352 1710 fflic
1372 1673 1507 1710 literas
1527 1672 1576 1710 ad

107 1738 325 1788 marginem
343 1737 486 1775 amisit.
544 1736 604 1774 Ex
620 1736 763 1788 quibus
782 1736 897 1775 facile
915 1737 1111 1788 pleraeque
1130 1737 1271 1788 reponi
1289 1740 1469 1789 possunt,
1490 1750 1575 1787 quze

107 1801 232 1853 igitur
250 1800 451 1839 uncinulis
470 1800 633 1838 inclusae
652 1800 933 1851 reperiuntur3
962 1813 1013 1838 ne
1037 1800 1133 1851 quid
1151 1800 1331 1839 additum
1351 1800 1573 1851 suspiceris.

108 1865 256 1903 Eadem
271 1867 381 1902 extat
392 1863 567 1902 narratio
581 1863 724 1901 Latine
741 1863 888 1915 scripta
899 1864 1082 1915 pluribus
1093 1865 1136 1902 in
1151 1866 1443 1917 exemplaribus
1458 1883 1466 1912 ;
1487 1879 1576 1903 con·

109 1928 215 1966 sului
242 1927 287 1965 in
303 1940 384 1965 uno
403 1927 607 1977 alteroque
632 1927 719 1965 loco
744 1926 961 1965 difficiliore
982 1928 1071 1965 MS.
1099 1928 1205 1966 Cott.
1233 1929 1343 1966 Nero
1364 1929 1415 1966 D.
1436 1929 1574 1975 VIII„

111 1989 229 2028 MSS.
249 1990 349 2041 Reg.
371 1991 433 2027 12.
450 1989 494 2028 C.
507 1990 569 2036 iv„
605 1991 666 2027 13.
681 1989 731 2026 A.
744 1989 782 2037 i.‚
819 1992 879 2028 13.
893 1990 942 2027 A.
956 2003 1004 2037 v.,
1044 1992 1105 2028 15.
1122 1990 1165 2028 C.
1180 1991 1228 2029 vi.
1301 1991 1575 2030 Conferendus

110 2059 172 2093 est
201 2053 436 2100 Wartonus,
464 2053 538 2091 vol.
565 2053 590 2090 i.
607 2067 644 2104 p.
660 2055 749 2099 104,
780 2053 979 2092 Weberus
1019 2054 1131 2106 King
1163 2055 1413 2094 Alisaundre.
1473 2057 1575 2094 Cum

108 2118 255 2168 linguae
274 2116 447 2167 antiquae
466 2120 613 2155 nostrae
633 2116 800 2154 maxime
820 2117 1034 2164 studerem,
1053 2131 1135 2156 non
1155 2123 1240 2157 erat
1259 2119 1355 2157 mihi
1374 2119 1416 2157 in
1434 2119 1574 2157 harum

108 2181 260 2233 origine
278 2179 502 2218 fabularum
521 2179 864 2218 commorandum:
886 2181 1061 2231 pecuniae
1076 2195 1231 2232 quoque
1243 2195 1339 2221 meae
1353 2183 1572 2234 parcebam,

109 2258 211 2297 aegre
228 2244 302 2282 hos
321 2247 504 2294 sumptus
530 2243 770 2281 sustinenti:
800 2243 905 2294 quod
926 2247 1063 2282 tamen
1086 2245 1227 2284 lectori
1254 2246 1297 2284 in
1325 2248 1573 2286 commodum

108 2309 238 2356 cessit,
258 2306 490 2346 arctissimis
508 2306 642 2345 libello
661 2307 807 2345 finibus
827 2307 1120 2358 comprehenso.

159 2371 379 2412 Alexandri
390 2371 572 2423 Epistola
583 2371 728 2410 Latine
741 2371 888 2422 scripta
899 2371 960 2410 bis
980 2376 1041 2410 est
1060 2372 1251 2424 impressa
1263 2391 1272 2421 ;
1291 2374 1484 2425 imprimis
1499 2375 1573 2414 sub

106 2437 228 2476 titulo
255 2435 508 2474 “Alexandri
537 2435 718 2486 Epistola
741 2435 789 2473 de
813 2435 894 2473 situ
913 2435 1051 2483 ludim,
1077 2449 1101 2474 a
1125 2437 1310 2475 Cornelio
1336 2437 1497 2489 Nepote
1530 2439 1572 2477 in

110 2500 373 2539 Latinitatem
386 2512 510 2537 versa.
561 2500 645 2537 4⁰.”
703 2499 860 2537 Deinde
881 2502 901 2519 “
918 2499 978 2537 Ex
997 2500 1224 2539 recensione
1240 2501 1364 2540 Andr.
1389 2502 1570 2541 Paullim'.

111 2568 167 2603 40.
191 2564 320 2603 Giess.
342 2563 487 2601 1706.''
545 2563 687 2614 Neque
706 2577 799 2601 vero
811 2563 872 2601 his
891 2576 988 2601 usus
1009 2577 1096 2602 sum
1117 2564 1186 2603 sed
1197 2565 1307 2604 libris
1320 2580 1440 2604 manu
1452 2567 1571 2618 scrip-

108 2630 172 2668 tis.
229 2629 327 2666 Post
345 2627 598 2665 Herodotum
625 2630 764 2665 auctor
785 2627 919 2678 largus
947 2627 1087 2665 talium
1115 2628 1338 2668 fabularum
1363 2629 1440 2668 fm‘t
1471 2630 1570 2668 Kte-

109 2693 198 2732 Sias.
257 2691 458 2730 Σκιάποδες
486 2719 626 2728 .....
649 2694 751 2730 ἔθνος
787 2693 866 2730 ἐστὶ
899 2691 1076 2739 Λιβυκόν.
1136 2697 1297 2738 Κτησίας
1331 2697 1373 2732 ἐν
1405 2699 1571 2746 περίπλῳ

1266 2773 1293 2798 K
1312 2766 1337 2799 2
