1734 3115
131 235 184 271 58
603 237 828 264 EPISTOLA
852 236 1127 264 ALEXANDR!

130 335 327 385 siluasque
351 346 396 371 ac
425 335 582 370 montes
611 330 836 369 audiuimus
864 330 906 368 in
924 329 1069 380 quibus
1092 328 1293 380 elephanti
1321 330 1363 366 et
1390 328 1595 378 serpentes

130 398 374 436 dicebantur.
431 395 646 446 Pergebam
668 394 718 432 ad
736 407 842 432 mare
861 397 1006 431 tamen.
1026 393 1166 431 uolens
1185 392 1219 430 si
1237 404 1392 443 possem
1412 389 1498 428 orbi
1516 393 1596 426 ter-

129 475 262 499 rarum
288 460 560 499 circumfluum
592 458 781 509 nauigare
810 470 1011 495 oceanum.
1044 470 1159 507 quem
1184 469 1306 506 quum
1336 454 1593 493 tenebrosum

129 527 398 576 uadosumque
426 523 524 562 mihi
551 523 729 561 locorum
757 521 885 559 incole
914 520 1161 558 affirmabant
1191 548 1199 557 .
1228 549 1236 557 .
1263 549 1270 557 .
1301 519 1482 570 quodque
1510 547 1518 554 .
1547 547 1554 554 .
1585 545 1592 552 .

129 589 287 627 nemine
314 591 419 626 esset
448 585 705 637 temptandus
726 614 890 622 ......
912 583 1113 621 sinistram
1136 586 1291 633 partem
1314 582 1419 619 indie
1451 579 1594 619 sectari

129 653 300 691 institui.
329 651 476 703 nequid
504 650 600 688 mihi
628 650 671 687 in
698 648 846 699 ignotis
876 647 1178 685 subtraheretur
1196 646 1303 684 locis.
1361 645 1480 683 Palus
1508 647 1594 682 erat

130 717 233 755 sicca
264 721 304 755 et
338 729 434 754 ceno
467 713 712 752 habundans.
748 725 819 763 per
847 724 962 762 quam
998 724 1087 748 cum
1112 709 1282 748 transire
1307 712 1593 759 temptaremus

129 781 245 819 belua
263 780 358 818 noui
377 778 532 830 generis
551 776 737 829 prosiluit
758 775 907 826 [adfol.
930 775 1038 823 HL]
1060 777 1212 811 serrato
1231 777 1345 823 tergo
1367 772 1444 810 duo
1465 770 1594 822 capita

130 845 288 882 habens.
311 856 434 881 unum
454 843 567 880 leene
587 841 725 879 simile.
746 839 1003 891 hypopotami
1032 841 1203 889 pectore.
1226 836 1435 874 cocodrillo
1454 847 1595 886 gerens

129 908 297 945 alterum
330 906 584 944 simillimum.
620 904 728 942 duris
760 903 958 940 munitum
993 901 1179 939 dentibus
1213 900 1315 951 quod
1348 902 1467 950 caput
1497 898 1595 936 duos

129 972 275 1010 milites
296 970 505 1022 repentino
526 968 669 1007 oceidit
688 968 784 1005 ictu.
806 979 920 1017 quam
942 965 1080 1003 ferreis
1100 965 1167 1002 uix
1192 964 1351 1015 inquam
1366 961 1594 1001 comminui-

128 1050 216 1074 mus
236 1034 388 1073 malleis
409 1064 418 1072 .
441 1064 450 1072 .
472 1064 480 1070 .
503 1063 512 1071 .
535 1031 796 1070 Peruenimus
817 1030 974 1068 demum
995 1029 1043 1067 ad
1069 1028 1189 1066 siluas
1212 1028 1395 1066 indorum
1420 1026 1592 1064 ultimas.

128 1100 198 1139 ubi
223 1113 311 1138 cum
342 1101 471 1136 castra
497 1097 541 1134 in
568 1097 731 1147 longum
759 1108 882 1146 prope
914 1094 950 1131 ,1.
980 1093 1118 1131 stadia.
1148 1096 1189 1130 et
1216 1092 1340 1130 latum
1368 1091 1451 1129 fere
1479 1090 1595 1128 collo-

129 1164 371 1203 cauissemus
394 1193 401 1200 .
425 1192 433 1200 .
457 1192 464 1200 .
486 1173 714 1212 ceperamus
743 1159 847 1197 uelle
867 1157 1019 1209 epulari
1048 1157 1120 1195 sub
1150 1160 1267 1194 nocte
1296 1156 1392 1193 hora
1424 1154 1500 1193 diei
1532 1154 1594 1192 .xi.

130 1242 219 1267 cum
251 1227 385 1265 subito
413 1225 670 1277 pabulatores
698 1222 993 1273 lignatoresque
1016 1220 1214 1258 exanimes
1234 1250 1243 1258 .
1267 1219 1530 1257 ‚nunciabant
1549 1221 1596 1255 ut

129 1292 437 1337 celeriterarma
457 1301 686 1340 caperemus
708 1287 777 1337 [ad
792 1286 870 1336 fol.
897 1287 972 1323 111
994 1285 1046 1334 b.]
1074 1284 1210 1322 uenire
1233 1297 1254 1322 e
1281 1283 1390 1321 siluis
1414 1282 1597 1333 elephan-

128 1361 261 1395 torum
297 1354 509 1392 immensos
540 1365 678 1403 greges
707 1350 756 1388 ad
776 1348 1040 1400 expugnanda
1073 1351 1212 1386 castra.
1270 1346 1473 1398 Imperaui
1502 1358 1595 1396 ergo

127 1419 349 1458 thessalicis
369 1416 569 1469 equitibus
589 1419 635 1453 ut
655 1414 913 1452 ascenderent
933 1425 1053 1463 equos
1074 1424 1283 1462 secumque
1302 1411 1490 1449 tollerent
1505 1423 1596 1448 sues

128 1497 295 1536 quorum
332 1481 545 1533 grunnitus
582 1479 723 1516 timere
755 1477 902 1515 bestias
939 1489 1139 1514 noueram.
1172 1478 1212 1513 et
1242 1487 1445 1513 occmrere
1479 1487 1595 1524 quam

98 1562 104 1568 ‘
129 1548 301 1600 primum
329 1544 550 1596 elephantis
578 1542 676 1580 iussi
702 1570 1070 1579 ...........
1095 1539 1183 1577 Nec
1211 1552 1320 1576 mora
1348 1538 1593 1588 trepidantes

127 1610 328 1663 elephanti
347 1608 529 1648 conuersi
550 1610 644 1645 sunt
665 1635 891 1644 ........
913 1604 1020 1642 Iussi
1035 1607 1131 1641 tunc
1152 1602 1287 1654 clipeis
1307 1603 1322 1640 1
1341 1602 1488 1640 lanceis
1508 1602 1590 1639 ual-

130 1677 213 1715 lum
241 1673 432 1726 procingi.
461 1671 609 1722 nequid
636 1669 781 1708 iniurie
806 1672 923 1707 nocte
952 1668 1252 1719 elephantorum
1279 1666 1472 1704 uiolentia
1497 1666 1598 1703 fera·

131 1752 296 1790 rumque
316 1738 479 1776 aliarum
508 1736 679 1773 afferret.
738 1733 885 1782 Quieta
909 1746 988 1769 nox
1014 1731 1091 1769 fuit
1123 1744 1249 1781 usque
1272 1731 1320 1768 ad
1345 1730 1473 1768 lucem
1494 1760 1502 1768 .
1525 1760 1533 1768 .
1556 1760 1564 1768 .
1588 1759 1595 1766 .

131 1804 264 1842 Primo
286 1801 426 1840 deinde
455 1812 595 1837 aurore
622 1797 796 1836 diluculo
821 1796 864 1833 in
884 1795 979 1833 alias
1005 1794 1112 1832 indie
1131 1793 1300 1845 profecti
1328 1794 1509 1844 regiones
1530 1794 1601 1842 [ad

118 1868 198 1918 fol.
220 1867 329 1915 112]
348 1865 391 1902 in
413 1876 550 1914 campo
575 1861 733 1913 patenti
758 1860 945 1897 mulieres
975 1858 1163 1909 uirosque
1189 1858 1336 1909 pilosos
1364 1857 1406 1894 in
1435 1857 1595 1895 modum

129 1932 302 1970 ferarum
331 1932 418 1967 toto
442 1940 604 1978 corpore
627 1925 800 1963 uidimus
827 1923 972 1975 pedum
995 1923 1097 1960 altos
1124 1921 1187 1961 jx.
1244 1922 1334 1959 Hos
1353 1920 1437 1959 indi
1454 1921 1596 1959 faunos

130 1994 344 2046 appellant.
401 1991 475 2029 Hii
505 1989 653 2028 assueti
672 1987 903 2026 fluminibus
923 1999 1079 2024 necnon
1106 1989 1146 2023 et
1167 1988 1308 2035 stagno
1333 1998 1453 2035 quum
1479 1985 1596 2022 terris

131 2061 245 2096 erant
261 2055 381 2094 crudo
396 2054 503 2106 pisce
518 2051 795 2091 tantummodo
811 2054 851 2088 et
864 2063 1054 2100 aquarum
1069 2049 1217 2086 haustu
1232 2048 1428 2086 uiuentes.
1487 2048 1596 2096 Quos

131 2135 221 2160 cum
240 2120 347 2158 adire
367 2118 558 2156 uellemus
582 2114 776 2153 uicinius:
806 2113 947 2150 marini
973 2111 1147 2150 fluminis
1168 2125 1208 2149 se
1228 2111 1452 2149 immersere
1473 2111 1596 2149 uorti-

131 2185 254 2222 cibus.
313 2178 588 2230 Cinocephalis
608 2177 837 2228 ingentibus
858 2175 998 2213 deinde
1026 2175 1111 2212 loca
1136 2175 1253 2225 plena
1275 2174 1500 2212 inuenimus
1529 2188 1597 2212 ne-

131 2260 251 2285 mora.
272 2244 339 2297 qui
358 2256 430 2281 nos
450 2242 690 2280 adlacessere
711 2238 962 2290 temptabant
982 2241 1022 2275 et
1042 2237 1178 2275 eiectis
1199 2236 1356 2288 sagittis
1375 2236 1594 2287 fugiebant.

130 2311 218 2349 Iam
239 2309 395 2347 deserta
415 2304 659 2344 intrantibus
686 2302 800 2341 nobis
829 2301 951 2340 nichil
975 2301 1139 2352 dignum
1163 2301 1388 2352 spectaculo
1414 2301 1462 2339 ab
1491 2301 1595 2339 indis

131 2375 238 2413 ultra
256 2384 460 2423 superesse
480 2368 739 2407 referebatur.
797 2366 930 2416 Igitur
943 2379 1082 2403 rursus
1094 2364 1265 2402 fasiacen
1286 2365 1438 2414 [adsol.
1453 2367 1528 2402 112
1543 2366 1595 2413 b.]

130 2438 234 2476 unde
253 2448 489 2475 ueneramus
510 2433 623 2483 signa
642 2430 821 2470 conuerti
840 2429 1032 2481 imperaui
1053 2459 1061 2466 .
1085 2459 1092 2466 .
1116 2459 1123 2466 .
1145 2433 1290 2467 cuncta
1316 2432 1448 2466 erecta
1466 2432 1594 2480 temp-

131 2501 257 2540 toria.
281 2530 288 2538 .
310 2500 421 2549 ignes
441 2496 606 2535 accensi.
663 2495 764 2532 Tum
784 2496 949 2545 repente
961 2490 1054 2530 'euri
1074 2495 1220 2530 uentus
1237 2492 1383 2540 (uenti)
1407 2494 1521 2529 tanta
1533 2492 1595 2530 uis

132 2565 266 2603 flantis
286 2566 423 2601 exorta
442 2565 502 2600 est
522 2564 568 2598 ut
588 2558 719 2598 omnia
733 2557 988 2596 tabernacula
999 2555 1270 2607 principiaque
1282 2559 1420 2593 nostra
1438 2559 1597 2594 contur-

132 2628 288 2667 bauerit
307 2625 574 2675 euerteritque
596 2653 603 2661 .
626 2653 634 2661 .
657 2653 665 2660 .
689 2652 695 2659 .
720 2619 1001 2671 Quadrupedia
1028 2619 1155 2656 multo
1181 2618 1456 2657 uehementius
1482 2633 1598 2658 uexa-

135 2692 283 2729 bantur
305 2717 436 2726 .....
457 2686 537 2724 Vix
556 2690 690 2723 tamen
701 2683 921 2722 recollectis
936 2682 1098 2720 sarcinis
1118 2695 1165 2719 ex
1177 2681 1334 2732 integro
1354 2681 1396 2718 in
1408 2682 1598 2733 apriciore

135 2754 238 2792 ualle
259 2752 390 2791 sedem
409 2754 630 2789 castrorum
655 2747 793 2786 inueni
822 2745 1091 2796 ordinatisque
1116 2745 1235 2784 rebus
1255 2745 1438 2784 omnibus
1458 2759 1597 2784 cenare
