1734 3115
178 223 232 258 56
642 230 869 258 EPISTOLA
893 230 1167 258 ALEXANDm

176 322 443 373 grossitudine
480 323 770 374 aliquantulum
808 325 1050 376 proceriores
1087 324 1136 362 ad
1172 323 1391 375 potandum
1424 335 1564 373 aquam
1592 334 1640 359 ex

176 386 317 424 uicinis
344 386 539 424 montium
563 387 761 438 speluncis
790 401 1026 439 processere.
1057 387 1190 425 oribus
1221 386 1439 436 scamisque
1467 385 1547 423 suis
1572 384 1642 433 [ad

162 450 242 500 fol.
265 450 373 498 122]
393 449 557 487 humum
583 454 814 488 atterentes.
842 464 1008 500 quorum
1028 454 1189 501 pectora
1208 454 1339 488 erecta
1358 463 1447 488 cum
1466 448 1639 486 trisulcis

174 513 321 564 linguis
341 514 473 552 fauces
494 514 707 551 exerebant
727 513 1116 564 scintillantibusque
1139 527 1294 551 ueneno
1322 513 1444 551 oculis
1474 526 1639 563 quorum

174 577 321 615 halitus
341 581 426 616 erat
438 577 614 629 pestifer.
673 577 774 615 Cum
787 577 848 614 his
864 577 960 614 hora
971 591 1051 614 non
1065 577 1231 628 amplius
1244 591 1323 615 una
1339 576 1636 615 debellauimus.

174 655 261 678 xxx.
290 641 427 678 seruis.
456 644 497 678 et
523 653 584 677 xx.
612 640 805 678 militibus
831 640 998 678 amissis.
1056 640 1226 678 Orabam
1246 640 1478 678 macedones
1496 653 1546 678 ne
1573 639 1638 678 ad-

174 704 300 742 uersis
321 704 475 742 casibus
502 703 687 742 cederent
710 716 811 741 neue
838 702 1050 741 deficerent
1066 731 1257 740 .......
1283 703 1379 753 (fol.
1402 703 1512 751 171.)
1538 732 1546 739 .
1569 732 1576 739 .
1599 732 1608 740 .
1631 732 1638 739 .

176 768 253 807 Sed
280 769 425 806 affuere
449 768 527 806 albi
546 768 680 806 leones
700 771 904 805 taurorum
920 767 1172 818 comparandi
1190 766 1530 817 magnitudinibus
1550 779 1639 804 cum

174 832 329 883 ingenti
348 846 548 870 murmure
570 862 578 870 .
600 862 609 870 .
632 861 640 869 .
663 861 670 869 .
690 831 733 868 in
751 845 824 869 nos
843 831 1037 882 impetum
1064 830 1228 877 faciunt,
1258 831 1490 881 exceptique
1519 843 1638 868 uena-

173 896 278 934 bulis
297 899 433 934 ruunt.
455 895 608 945 [adfol.
631 897 707 932 122
721 895 773 944 b.]
793 895 945 932 Tantus
964 894 1198 945 repentinus
1219 894 1420 933 oriebatur
1438 894 1637 931 tumultus

175 961 402 998 cumulante
422 973 511 999 cera
533 961 579 1009 (ι’.
592 974 624 998 e.
643 961 747 1009 sera)
771 962 900 997 nocte.
957 959 1043 997 Nec
1063 959 1194 997 minus
1214 959 1299 1010 apri
1318 959 1493 1009 ingentis
1513 958 1638 996 forme

174 1024 288 1062 iactis
309 1024 495 1062 dentibus
516 1023 644 1062 ueluti
663 1023 767 1061 uallo
793 1023 1048 1061 horrentibus
1067 1023 1271 1060 metuendi
1290 1022 1403 1061 mixti
1430 1022 1638 1060 maculosis

174 1088 342 1127 lincibus
370 1088 631 1140 tygribusque
661 1092 701 1125 et
731 1087 987 1125 horribilibus
1020 1087 1226 1138 pantheris
1255 1086 1474 1125 miscebant
1505 1086 1639 1137 praelia

173 1152 273 1190 nulli
310 1152 386 1190 iam
415 1152 519 1203 pesti
548 1151 820 1202 comparanda.
878 1150 955 1188 Sed
983 1154 1024 1188 et
1052 1150 1380 1201 uespertilionum
1408 1150 1469 1188 uis
1498 1149 1639 1200 ingens

174 1215 408 1253 columbinis
428 1214 658 1266 corporibus
679 1214 836 1265 equales
850 1214 893 1251 in
912 1227 979 1252 ora
993 1213 1210 1264 uultusque
1222 1217 1380 1251 nostros
1393 1213 1636 1251 ferebantur.

172 1279 364 1317 habentes
384 1279 524 1317 dentes
543 1278 585 1316 in
608 1291 756 1317 morem
782 1277 987 1316 hominum
1016 1277 1159 1328 quibus
1188 1281 1298 1315 artus
1325 1276 1497 1314 militum
1517 1275 1638 1313 uiola-

172 1344 281 1381 bant.
338 1343 431 1381 Vna
461 1345 653 1394 praeterea
671 1342 767 1381 noui
796 1341 951 1392 generis
977 1341 1105 1380 bestia
1123 1341 1247 1379 maior
1272 1340 1482 1392 elephanto
1513 1339 1638 1386 affuit,

171 1407 301 1445 tribus
321 1410 471 1445 armata
489 1407 531 1444 in
551 1406 681 1444 fronte
702 1406 886 1444 cornibus
906 1419 1021 1456 quem
1040 1405 1125 1443 indi
1145 1404 1313 1456 apellare
1327 1404 1486 1442 dentem
1504 1407 1638 1454 tyran-

172 1485 269 1508 num
289 1470 397 1509 soliti
422 1474 528 1508 sunt.
556 1483 657 1521 equo
681 1469 808 1507 simile
832 1473 950 1521 caput
977 1482 1117 1519 gerens
1144 1468 1221 1506 atri
1241 1467 1393 1505 coloris.
1450 1466 1550 1504 Haec
1570 1480 1637 1517 po-

171 1537 257 1572 tata
284 1547 385 1585 aqua
412 1533 573 1571 intuens
602 1536 732 1571 castra
760 1533 830 1582 [ad
846 1533 926 1583 fol.
963 1532 1074 1582 107.]
1105 1532 1147 1569 in
1179 1545 1252 1569 nos
1286 1531 1418 1569 subito
1444 1530 1637 1582 impetum

172 1598 293 1636 dedit.
319 1611 392 1636 nec
417 1597 569 1648 ignium
596 1596 823 1648 compositis
850 1596 1032 1634 tardatus
1056 1595 1274 1633 ardoribus.
1331 1594 1395 1632 Ad
1415 1608 1530 1644 quam
1553 1606 1637 1631 sus-

171 1662 374 1700 tinendam
407 1675 496 1700 cum
530 1661 801 1712 opposuissem
832 1661 1090 1699 macedonum
1122 1672 1282 1697 manum
1318 1658 1456 1696 ‚xxi-ivi.
1492 1658 1636 1696 occidit

173 1727 282 1765 duos.
304 1730 345 1764 et
364 1725 389 1764 l.
411 1726 580 1764 calcatos
599 1725 762 1763 inutiles
782 1724 878 1762 fecit
898 1724 1043 1775 uixque
1063 1723 1161 1774 ipsis
1180 1723 1306 1761 defixa
1325 1726 1387 1760 est
1413 1721 1635 1760 uenabulis.

170 1791 467 1829 Antelucanum
489 1790 645 1828 demum
665 1793 823 1840 tempus
843 1789 1019 1839 quaedam
1039 1787 1223 1826 animalia
1242 1787 1461 1837 celopestes
1489 1798 1635 1823 uenere

170 1854 336 1892 candido
372 1853 479 1892 uersi
517 1853 647 1891 colore
684 1852 727 1890 in
760 1852 921 1890 modum
955 1864 1152 1889 ranarum.
1192 1863 1281 1888 cum
1319 1849 1463 1900 quibus
1501 1861 1634 1887 mures

170 1918 290 1956 indici
310 1917 351 1955 in
370 1921 498 1955 castra
516 1916 734 1967 pergebant
764 1915 952 1967 uulpibus
973 1915 1121 1953 similes
1147 1928 1315 1965 quorum
1335 1927 1468 1952 morsu
1486 1912 1631 1950 uulne-

169 1985 255 2020 rata
292 1981 474 2020 animalia
511 1979 779 2031 quadrupedia
816 1979 950 2017 statim
988 1978 1232 2030 expirabant.
1264 1978 1333 2027 [ad
1355 1977 1435 2027 fol.
1470 1977 1545 2015 107
1579 1976 1632 2025 b.]

171 2045 413 2083 Hominibus
433 2045 536 2082 idem
558 2057 709 2082 morsus
730 2057 810 2081 non
829 2056 954 2093 usque
980 2043 1029 2081 ad
1054 2042 1263 2080 interitum
1286 2041 1493 2080 nocebant.
1549 2040 1632 2091 Ap-

168 2109 460 2160 propinqnante
488 2108 576 2145 luce
604 2107 873 2145 nocticoraces
910 2120 1055 2144 uenere
1093 2119 1187 2144 aues
1224 2105 1453 2143 uulturibus
1484 2104 1631 2142 similes

168 2186 376 2224 corporum
396 2171 641 2209 immanitate
671 2170 911 2222 superabant
937 2169 1066 2209 colore
1088 2169 1214 2206 fuluo.
1237 2172 1367 2206 rostro
1386 2167 1630 2219 pedibusque

168 2236 292 2287 nigris
304 2239 430 2274 totam
451 2234 582 2286 stagni
601 2234 848 2285 compleuere
868 2233 992 2284 ripam
1007 2246 1087 2270 non
1106 2233 1220 2270 nobis
1232 2232 1446 2283 perniciem
1457 2231 1631 2270 ferentes

170 2301 238 2339 sed
268 2300 405 2338 solitos
434 2300 561 2351 pisces
593 2299 890 2337 consumebant.
963 2298 1071 2346 Quas
1104 2311 1176 2336 nos
1209 2311 1304 2336 aues
1336 2311 1463 2349 neque
1492 2297 1630 2348 fugare

167 2365 253 2403 ausi
273 2377 442 2402 eramus.
500 2363 654 2401 Cuncte
673 2376 769 2400 uero
790 2361 945 2400 siccatis
965 2361 1166 2412 unguibus
1187 2361 1234 2399 de
1259 2365 1475 2412 conspectu
1493 2364 1630 2398 nostro

167 2429 309 2468 abiere.
364 2428 475 2465 Tunc
512 2440 584 2477 ego
612 2427 788 2465 locorum
826 2425 1160 2463 demonstratores
1197 2424 1265 2475 qui
1300 2438 1373 2462 nos
1407 2436 1561 2474 semper
1587 2422 1629 2460 in

166 2493 329 2532 insidias
373 2492 621 2530 deducebant
665 2490 833 2542 pessime
875 2489 1037 2527 meritos
1080 2487 1310 2539 crurifragio
1348 2486 1483 2538 puniri
1518 2487 1627 2525 iussi.

167 2562 213 2596 ut
254 2561 295 2595 et
331 2560 449 2595 nocte
490 2556 560 2606 [ad
590 2555 670 2606 fol.
715 2554 823 2604 108]
872 2553 957 2591 uiui
1004 2552 1277 2603 spirantesque
1317 2565 1339 2589 a
1377 2550 1629 2602 serpentibus

167 2623 508 2667 consumerentur,
556 2622 603 2657 ut
648 2632 721 2656 nos
760 2629 990 2656 consumere
1036 2616 1262 2654 uoluerunt.
1337 2615 1486 2653 Manus
1535 2627 1628 2665 quo-

167 2699 241 2737 que
272 2684 327 2722 cis
351 2683 569 2734 constringi
600 2681 793 2734 imperaui
824 2685 871 2719 ut
902 2679 1046 2718 merito
1064 2693 1136 2730 pro
1163 2679 1280 2717 factis
1306 2679 1387 2717 suis
1419 2680 1629 2717 uterentur

168 2748 372 2800 supplicii).
430 2746 582 2785 Habita
602 2746 743 2785 deinde
769 2745 956 2784 concione
980 2747 1025 2781 ut
1051 2743 1174 2783 fortes
1198 2743 1343 2781 milites
1368 2745 1501 2781 essent
1527 2755 1628 2780 neue
