1734 3115
645 186 710 213 AD
736 183 1084 213 ARISTOTELEM.
1545 169 1597 205 53

134 279 326 320 incolumi
353 278 530 319 exercitu
547 277 591 317 in
608 278 836 317 bactriacen
853 276 1134 329 perduxissent
1160 275 1400 328 penitusque
1425 276 1598 312 remotos

134 346 185 385 ad
203 345 358 384 abditos
385 356 490 382 seres
516 355 592 393 que
617 355 714 393 gens
738 341 844 380 foliis
867 341 1053 380 arborum
1079 354 1127 378 ex
1150 339 1325 378 siluestri
1355 338 1502 377 uellere
1533 336 1602 385 [ad

121 409 201 460 sol.
236 409 346 457 116.]
382 410 516 445 uestes
554 406 761 444 detexunt.
818 405 896 444 Sed
922 404 982 442 illi
1009 404 1196 442 maiorem
1224 403 1330 442 hosti
1357 415 1474 454 quam
1503 401 1600 439 mihi

134 473 311 512 fauorem
335 471 675 510 accommodantes
706 469 859 509 efficere
884 469 1104 521 pergebant
1126 472 1174 507 ut
1203 481 1276 507 nos
1302 468 1345 506 in
1367 467 1600 506 execrabilia

133 539 365 588 serpentum
389 538 430 573 et
452 534 590 586 rapida
614 533 787 572 ferarum
812 533 1097 585 beluarumque
1121 546 1266 585 genera
1293 532 1451 584 ignotos
1474 531 1600 582 regio-

134 614 232 638 num
265 600 513 638 inducerent,
537 629 544 636 .
568 629 576 637 .
604 599 705 636 Tum
733 612 806 649 ego
829 611 996 636 cernens
1027 611 1073 636 ex
1092 601 1207 649 parte
1235 610 1323 635 mea
1347 596 1389 635 id
1413 596 1601 635 accidisse

135 664 203 716 qui
222 664 339 702 utilia
356 663 521 702 consilia
540 675 765 714 spreueram
790 661 1003 700 amicorum
1026 692 1033 699 .
1056 693 1064 700 .
1086 665 1126 699 et
1147 692 1155 700 .
1179 692 1186 699 .
1207 661 1411 699 hominum
1431 660 1500 711 qui
1520 659 1601 698 dix-

135 731 253 766 erant
279 727 375 765 mihi
397 740 448 765 ne
473 726 715 773 festinarem,
744 725 935 777 imperaui
970 725 1164 763 militibus
1198 725 1381 763 omnibus
1410 729 1458 763 ut
1483 724 1602 762 armis

138 792 272 830 induti
295 805 437 843 agmen
459 793 730 841 sequerentur.
788 789 1005 840 Propterea
1030 789 1135 839 quod
1161 789 1247 826 auri
1273 802 1319 827 ex
1346 788 1484 840 rapina
1502 802 1602 826 mar-

137 856 433 907 garitarumque
470 867 551 891 non
579 866 742 904 paruam
776 866 908 891 secum
946 852 1118 903 praedam
1150 852 1344 890 ueherent
1380 852 1601 889 timendum

134 922 242 957 esse-t
261 931 311 956 ne
330 918 486 956 occulto
505 918 639 955 hostes
669 930 740 954 sua
765 916 934 955 ablaturi
957 916 1177 954 uictoribus
1196 916 1492 954 insidiarentur.
1548 916 1602 953 Et

135 996 232 1021 sane
249 982 362 1020 miles
383 983 452 1031 [ad
456 982 536 1032 fol.
559 983 637 1019 116
657 982 710 1030 6.]
730 981 788 1018 ita
806 981 1076 1032 locupletatus
1097 984 1157 1018 est
1177 984 1224 1018 ut
1242 979 1309 1018 uix
1331 980 1433 1018 ferre
1446 980 1602 1031 pondus

135 1047 223 1085 auri
258 1050 406 1098 posset.
462 1045 767 1096 Accedebatque
804 1058 1003 1082 armorum
1041 1058 1122 1082 non
1154 1057 1279 1095 parua
1311 1043 1487 1093 grauitas
1517 1056 1602 1094 quae

135 1110 269 1149 omnia
287 1123 359 1161 ego
379 1110 507 1148 aureis
526 1109 764 1148 incluseram
783 1109 951 1146 laminis.
1007 1107 1076 1145 Ita
1093 1112 1225 1146 totum
1237 1121 1379 1158 agmen
1398 1121 1460 1145 me
1475 1107 1604 1145 ueluti

135 1174 266 1212 sidere
294 1176 365 1212 aut
393 1172 549 1224 fulgore
569 1173 719 1210 clarum
745 1172 993 1210 radiantibus
1017 1185 1113 1210 auro
1142 1171 1445 1222 insignibusque
1469 1184 1606 1222 seque-

138 1238 258 1276 batur
286 1251 377 1276 cum
404 1236 527 1287 signis
551 1240 591 1274 et
616 1236 782 1274 uexillis.
840 1235 1014 1286 Fuitque
1033 1235 1140 1273 inter
1164 1235 1380 1273 uarietates
1402 1238 1603 1286 spectacu-

139 1302 269 1340 lorum
299 1301 342 1338 in
375 1299 656 1351 conspiciendo
685 1299 807 1337 talem
840 1299 1069 1346 exercitum,
1104 1299 1170 1349 qui
1199 1302 1344 1336 ornatu
1381 1299 1530 1349 pariter
1560 1312 1604 1337 ac

139 1365 293 1404 uiribus
307 1365 413 1403 inter
432 1368 570 1414 gentes
591 1367 741 1402 ceteras
762 1363 1000 1401 eminebant.
1059 1363 1143 1413 Ego
1164 1367 1271 1400 certe
1290 1363 1505 1413 respiciens
1521 1363 1605 1401 feli-

140 1430 303 1468 citatem
322 1442 448 1466 meam
467 1428 614 1479 insigni
634 1441 800 1466 numero
825 1427 1046 1465 iuventutis
1070 1427 1262 1464 immenso
1291 1427 1486 1465 afficiebat
1511 1441 1605 1478 gau-

139 1493 217 1531 dio.
266 1493 343 1530 Sed
361 1496 409 1530 ut
428 1491 576 1543 aliquid
595 1492 827 1543 plerumque
846 1491 888 1528 in
902 1490 1084 1528 secundis
1099 1491 1217 1528 rebus
1230 1490 1393 1528 fortuna
1405 1491 1604 1542 obstrepit

139 1558 211 1606 [ad
215 1557 295 1607 fol.
318 1556 426 1605 117]
449 1555 592 1594 accidit
610 1555 724 1594 nobis
748 1555 816 1592 siti
840 1554 1029 1592 laborare.
1087 1554 1218 1602 Quam
1245 1568 1367 1605 quum
1393 1554 1460 1592 uix
1487 1555 1605 1592 susti-

141 1633 324 1659 neremus
356 1620 468 1657 miles
500 1632 661 1657 seuerus
685 1618 892 1656 inuentam
918 1618 1015 1655 mihi
1037 1618 1079 1655 in
1104 1617 1234 1668 lapide
1264 1631 1437 1656 concauo
1465 1631 1605 1669 aquam

140 1685 254 1735 galea
272 1696 391 1721 aurea
411 1682 581 1734 protulit
606 1682 691 1733 ipse
721 1681 871 1727 sitienS,
891 1681 1098 1731 animeque
1127 1694 1212 1719 mee
1232 1681 1356 1732 magis
1383 1694 1496 1732 quam
1527 1695 1606 1720 suae

142 1748 226 1786 uite
246 1746 489 1786 consulebat.
546 1746 678 1794 Quam
698 1759 769 1796 ego
798 1745 928 1796 palam
947 1748 1089 1782 uocato
1119 1744 1296 1782 exercitu
1324 1744 1455 1792 effudi,
1475 1758 1526 1783 ne
1545 1758 1607 1783 me

141 1813 304 1852 bibente
325 1811 451 1862 magis
480 1810 590 1848 sitire
617 1809 729 1847 miles
758 1809 964 1860 inciperet.
1023 1808 1340 1859 Collaudansque
1369 1808 1498 1847 seueri
1517 1822 1610 1859 erga

141 1890 205 1915 me
218 1875 538 1914 beneuolentiam
560 1874 690 1925 dignis
710 1887 801 1912 eum
821 1872 1052 1911 muneribus
1073 1872 1276 1911 honoraui.
1293 1872 1447 1923 [adsol.
1465 1874 1540 1912 117
1557 1874 1610 1923 b.]

143 1941 243 1990 Quae
285 1953 348 1978 res
386 1952 507 1990 quum
544 1938 673 1976 anime
711 1937 946 1988 quietiorem
981 1936 1142 1975 fecisset
1179 1936 1408 1984 exercitum,
1448 1941 1608 1988 ceptum

141 2005 289 2043 iterum
306 2002 488 2041 institui:
518 2015 592 2040 nec
610 2002 728 2052 longe
751 2000 848 2038 mihi
874 2000 916 2038 in
943 2000 1109 2038 desertis
1128 2000 1225 2038 locis
1245 2000 1393 2038 flumen
1412 2001 1609 2052 apparuit.

144 2068 270 2107 Cuius
282 2067 388 2119 ripas
402 2066 549 2118 pedum
565 2078 804 2116 sexagenum
816 2064 996 2102 harundo
1010 2064 1207 2102 uestiebat
1221 2063 1405 2115 pinorum
1417 2065 1610 2103 abietum·

143 2145 219 2184 que
233 2131 375 2170 robora
386 2130 550 2168 uincens
564 2128 853 2180 grossitudine.
877 2157 884 2166 .
905 2157 915 2166 .
939 2158 946 2165 .
964 2127 1065 2165 Tum
1081 2141 1153 2179 ego
1170 2127 1262 2178 quia
1280 2128 1550 2180 quadrupedia
1569 2133 1611 2167 et

142 2195 340 2235 exercitus
360 2194 550 2232 sitiebant
562 2193 658 2231 iussi
674 2192 864 2231 continuo
880 2199 1010 2230 castra
1023 2192 1119 2243 poni
1138 2205 1161 2230 a
1181 2192 1454 2230 metatoribus.
1513 2193 1611 2242 Quae

144 2260 238 2299 dum
256 2262 463 2311 ponuntur
482 2258 566 2309 ipse
586 2257 693 2295 sitim
712 2257 845 2295 leuare
865 2255 1030 2307 cupiens
1050 2256 1282 2293 amariorem
1298 2256 1470 2294 elleboro
1484 2257 1612 2295 flumi-

140 2324 204 2363 nis
217 2336 356 2375 aquam
369 2321 544 2374 gustaui:
562 2334 678 2372 quam
690 2333 819 2371 neque
831 2320 947 2358 homo
958 2319 1094 2357 bibere
1106 2333 1234 2370 neque
1246 2320 1371 2358 ullum
1384 2334 1505 2371 pecus
1518 2321 1614 2359 hau-

143 2389 221 2426 rire
234 2387 318 2426 siue
330 2389 531 2424 tormento
543 2384 688 2436 potuit.
721 2385 783 2421 An
788 2384 908 2435 gebar
920 2387 1052 2421 autem
1066 2383 1191 2433 magis
1204 2397 1276 2434 pro
1288 2384 1425 2421 multis
1438 2384 1613 2423 animali-

144 2451 219 2490 bus
237 2463 354 2502 quam
374 2463 446 2501 pro
464 2452 601 2487 nostra
619 2447 869 2494 necessitate,
891 2446 1169 2485 durabiliorem
1184 2446 1384 2484 hominem
1396 2448 1550 2493 cunctis
1570 2449 1613 2487 in

145 2514 264 2552 rebus
291 2526 576 2565 recognoscens
601 2525 719 2563 quam
748 2511 931 2563 pecudes.
954 2510 1106 2560 [adsol.
1130 2511 1238 2559 118]
1274 2510 1432 2562 Quippe
1457 2525 1613 2550 mecum

146 2582 259 2617 erant
274 2577 342 2628 qui
360 2591 500 2616 aurum
515 2577 716 2615 uehebant
732 2575 934 2627 elephanti
950 2574 1166 2625 ingenti[s]
1184 2574 1468 2625 magnitudinis
1482 2576 1614 2615 admo-

147 2642 241 2680 dum
256 2641 374 2679 mille.
432 2640 733 2690 Quadringente
750 2638 938 2691 quadrige
955 2651 1145 2689 equorum
1161 2651 1296 2676 omnes
1312 2638 1466 2677 falcate.
1480 2640 1572 2691 bige
1587 2640 1615 2678 ii

147 2705 255 2744 mille
281 2704 451 2743 ducente
478 2705 568 2753 (i.e.
593 2704 798 2752 dueentce).
855 2701 1046 2753 Equitum
1066 2705 1197 2739 turme
1226 2715 1276 2739 xx
1302 2702 1410 2741 milia
1435 2703 1614 2754 peditum
