1734 3115
667 183 733 210 AD
757 180 1109 210 ARISTOTELEM.
1577 174 1625 209 61

169 274 278 313 dium
297 273 399 314 circa
416 274 652 313 astantibus.
708 275 776 313 He
794 275 939 326 pedum
961 278 1122 313 centum
1135 274 1214 312 alte
1230 277 1344 312 erant
1363 273 1521 312 arbores
1536 286 1632 325 quas

168 338 376 377 brebionas
394 338 478 376 indi
496 338 710 390 appellant.
767 339 875 383 Quas
895 351 985 377 cum
1003 337 1168 376 mirarer
1187 337 1433 388 diceremque
1452 336 1633 388 frequen-

168 401 277 440 tibus
294 401 487 440 imbribus
506 401 549 439 in
566 405 725 440 tantum
745 401 918 440 creuisse
944 400 1125 440 sacerdos
1151 399 1369 438 affirmabat
1392 399 1501 438 mihi.
1531 413 1632 438 nun-

167 478 283 516 quam
301 465 344 503 in
362 465 423 504 his
443 465 539 504 locis
558 465 747 517 pluuiam.
767 479 896 517 neque
915 465 1049 504 feram.
1071 468 1141 503 aut
1160 478 1275 504 auem
1295 468 1365 503 aut
1384 465 1506 503 ullam
1525 464 1633 503 adire

168 533 404 580 serpentem.
461 530 666 568 Terminos
703 530 927 581 antiquitus
955 529 1004 568 ab
1041 529 1227 567 indorum
1256 528 1470 567 maioribus
1499 541 1632 567 conse-

167 596 297 631 cratos
335 593 409 632 soli
445 597 486 631 et
522 593 616 632 lune
654 593 885 632 affirmabat.
924 606 1068 643 easque
1098 592 1141 630 in
1170 592 1307 643 eclipsi
1341 592 1435 630 solis
1468 595 1509 630 et
1539 592 1633 629 lune

166 656 354 695 uberibus
373 656 544 695 lacrimis
565 657 804 696 commoueri
825 656 872 695 de
891 657 1100 694 numinum
1121 669 1282 694 suorum
1303 659 1412 694 statu
1430 655 1631 693 timentes.

167 720 221 758 Et
254 733 344 758 cum
366 720 583 759 sacrificare
615 720 866 759 instituerem
900 723 941 758 et
972 720 1156 758 uictimas
1176 719 1379 758 immolare
1407 719 1633 771 prohibitus

167 797 255 822 sum
274 797 298 822 a
325 785 527 823 sacerdote
553 784 620 836 qui
645 784 817 835 negabat
838 783 957 822 licere
985 784 1056 834 [ad
1070 784 1148 833 fol.
1171 783 1279 833 125]
1313 787 1382 822 aut
1402 784 1496 822 thus
1515 784 1558 822 in
1586 798 1632 823 eo

167 848 335 886 sacrario
362 847 446 898 igni
475 847 550 885 uri.
571 851 642 886 aut
661 847 807 886 animal
826 848 953 886 ullum
977 847 1169 886 interfici:
1205 847 1274 886 sed
1298 848 1457 886 uolutos
1476 848 1632 886 truncis

165 910 350 948 arborum
373 911 507 949 oscula
532 911 635 949 dare.
663 924 851 963 orareque
878 911 1000 950 solem
1029 915 1070 950 et
1094 911 1242 950 lunam.
1262 915 1309 950 ut
1333 911 1508 950 ueridica
1535 912 1632 949 mihi

166 974 306 1012 darent
329 987 520 1026 responsa
540 1005 672 1014 .....
694 975 878 1014 uidemus
904 976 952 1014 ab
981 975 1186 1014 occidente
1212 975 1349 1014 iubare
1382 975 1630 1026 fulgentibus

164 1038 285 1090 phebi
316 1038 526 1090 radiisque·
546 1052 734 1091 percussa
763 1039 950 1078 arborum
984 1039 1198 1078 cacumina.
1254 1039 1309 1077 Et
1343 1039 1524 1078 sacerdos
1562 1040 1629 1078 ait.

166 1102 332 1140 Sursum
350 1103 481 1154 inquit
507 1116 642 1142 omnes
670 1103 899 1142 intuemini.
925 1107 966 1142 et
987 1103 1035 1142 de
1055 1103 1198 1155 quibus
1218 1103 1384 1155 quisque
1402 1103 1521 1142 rebus
1541 1117 1632 1143 con·

164 1165 359 1204 suliturus
378 1170 439 1204 est
453 1167 607 1204 occulte
627 1167 777 1218 cogitet
797 1167 967 1206 silentio.
987 1181 1105 1206 nemo
1123 1167 1253 1219 palam
1272 1168 1511 1218 pronunciet
1533 1198 1540 1206 .
1564 1198 1571 1206 .
1595 1198 1602 1206 .
1623 1199 1630 1206 .

165 1260 173 1268 .
196 1259 204 1269 .
227 1261 236 1268 .
259 1230 491 1281 Cogitabam
513 1260 521 1268 .
544 1261 552 1268 .
573 1231 607 1269 si
626 1231 783 1269 deuicto
803 1231 897 1270 orbe
916 1235 1112 1270 terrarum
1131 1231 1174 1269 in
1192 1232 1361 1283 patriam
1380 1232 1632 1283 triumphans

161 1293 213 1332 ad
235 1294 386 1344 [adfol.
408 1296 483 1332 125
504 1294 556 1344 b.]
575 1294 824 1346 olimpiadem
843 1298 1011 1333 matrem
1031 1308 1261 1346 sororesque
1280 1309 1386 1334 meas
1405 1296 1632 1335 karissimas

163 1371 320 1409 possem
348 1357 512 1396 reuerti.
571 1357 673 1396 Cum
704 1358 837 1397 subito
873 1359 1005 1397 indico
1037 1372 1217 1397 sermone
1250 1359 1484 1398 tenuissimo
1515 1360 1632 1398 arbor

163 1419 380 1470 respondit.
435 1419 595 1458 Inuicte
614 1419 709 1457 belli
727 1419 937 1458 alexander
962 1424 1009 1458 ut
1035 1420 1272 1458 consuluisti
1302 1434 1406 1459 unus
1429 1421 1506 1460 eris
1527 1422 1632 1460 orbis

161 1486 358 1521 terrarum
377 1482 583 1521 dominus:
614 1483 684 1522 sed
708 1483 828 1522 uiuus
847 1484 889 1521 in
912 1483 1081 1535 patriam
1105 1497 1187 1522 non
1215 1485 1429 1523 reuerteris
1448 1486 1629 1537 amplius.

162 1560 285 1597 quum
303 1546 385 1585 fata
403 1547 461 1585 ita
480 1546 528 1585 de
550 1550 622 1585 tuo
642 1547 770 1599 capite
797 1552 1039 1586 statuerunt.
1096 1548 1187 1587 Hec
1214 1562 1288 1600 ego
1314 1549 1479 1588 audiens
1498 1555 1631 1589 mente

161 1610 366 1661 perculsus
386 1624 496 1649 sum:
527 1610 729 1662 displicuit
752 1611 857 1649 enim
878 1611 974 1649 mihi
995 1611 1101 1662 quod
1119 1616 1201 1650 tam
1220 1612 1367 1650 multos
1387 1613 1533 1651 adduxi
1553 1627 1632 1652 me-

163 1687 278 1712 cum:
307 1673 357 1712 ad
386 1687 516 1712 sacras
543 1674 716 1712 arbores.
744 1674 862 1712 simul
894 1679 935 1713 et
962 1676 1077 1714 amici
1100 1675 1178 1713 mei
1206 1680 1247 1714 et
1274 1677 1438 1715 comites
1464 1678 1540 1715 mei
1563 1678 1631 1729 qui

161 1750 316 1776 mecum
347 1741 543 1776 uenerant
575 1737 776 1776 fleuerunt
805 1739 933 1777 ualde.
972 1743 1013 1777 ct
1052 1739 1280 1778 contristati
1318 1744 1413 1778 sunt
1435 1770 1629 1780 .......

161 1802 396 1853 Rursusque
416 1802 576 1841 oracula
596 1802 807 1840 auditurus
828 1816 903 1854 que
922 1803 1052 1841 media
1070 1807 1188 1842 nocte
1207 1817 1324 1855 posse
1343 1804 1429 1842 fieri
1449 1806 1630 1844 sacerdos

161 1865 380 1904 affirmabat
418 1879 539 1916 quum
575 1869 674 1904 tunc
705 1866 802 1904 luna
835 1871 920 1904 erat
953 1867 1105 1905 oritura
1136 1867 1333 1919 assumpsi
1362 1881 1516 1907 mecum
1548 1873 1631 1908 tres

161 1928 408 1967 fidelissimos
428 1928 572 1967 amicos
595 1929 749 1979 [adsol.
772 1930 881 1979 126]
903 1930 1115 1980 perdicam.
1135 1934 1176 1968 et
1196 1931 1424 1969 clitoricam.
1446 1936 1486 1970 et
1504 1933 1630 1983 philo·

161 1995 253 2030 tam.
283 2005 450 2042 quorum
479 1992 634 2030 nullum
662 1992 888 2030 metuebam
917 1993 959 2030 in
987 1993 1056 2032 illo
1082 1994 1168 2032 loco
1194 2007 1267 2032 nec
1287 2008 1309 2032 a
1328 2008 1390 2033 me
1420 1995 1630 2047 quicquam

160 2060 246 2095 erat
265 2056 535 2095 metuendum.
548 2056 619 2095 ubi
633 2057 832 2095 neminem
847 2057 906 2095 fas
927 2061 1010 2096 erat
1030 2058 1200 2096 interfici
1222 2089 1384 2097 ......
1408 2059 1630 2099 Consulens

160 2134 254 2172 ergo
283 2120 353 2159 ubi
375 2120 592 2158 moriturus
619 2133 759 2159 essem.
787 2134 877 2159 cum
906 2122 956 2160 ad
981 2122 1153 2173 primum
1178 2122 1272 2160 lune
1292 2126 1425 2161 ortum
1443 2137 1630 2175 percusso

161 2197 285 2223 cornu
313 2183 600 2236 splendoreque
628 2188 802 2235 accepto.
842 2184 959 2223 arbor
987 2198 1101 2236 grece
1129 2186 1347 2236 respondit.
1403 2186 1631 2226 Alexander

161 2248 291 2299 inquit
311 2248 469 2299 plenam
491 2248 570 2285 iam
597 2247 716 2285 etatis
745 2247 863 2285 finem
894 2248 1025 2286 habes.
1047 2249 1116 2286 sed
1142 2253 1334 2300 sequente
1362 2263 1467 2289 anno
1494 2265 1630 2290 mense

161 2324 266 2349 nono
291 2311 493 2349 babilonia
520 2311 710 2349 morieris.
741 2323 764 2348 a
792 2324 870 2361 quo
899 2311 1061 2349 minime
1087 2325 1220 2363 speras
1252 2313 1471 2364 decipieris.
1528 2315 1628 2353 Tum

160 2375 340 2414 lacrimas
363 2375 432 2426 [ad
436 2375 515 2425 fol.
531 2376 607 2412 126
623 2374 673 2424 b.]
695 2374 816 2413 effudi
832 2379 872 2413 et
893 2375 1008 2413 amici
1027 2375 1104 2413 mei
1117 2376 1454 2415 circumsistentes
1466 2378 1628 2418 fiebant.

161 2439 316 2477 nullum
337 2451 431 2490 ergo
451 2438 499 2477 ab
519 2438 581 2476 his
603 2438 738 2477 dolum
759 2442 829 2476 aut
850 2439 977 2477 scelus
992 2443 1307 2478 resurrecturum
1328 2441 1545 2492 sperabam.
1559 2443 1628 2480 sed

162 2501 288 2552 magis
313 2515 385 2553 pro
409 2515 496 2540 mea
525 2501 654 2540 salute
673 2501 774 2540 mori
794 2505 954 2553 paratos
976 2530 1107 2540 .....
1128 2502 1320 2541 Discessu
1350 2503 1491 2542 deinde
1521 2505 1628 2544 facto

162 2578 253 2603 cum
271 2564 349 2603 iam
367 2565 418 2604 ad
435 2565 573 2617 epulas
592 2570 887 2604 reuerteremur
906 2579 979 2616 ego
995 2565 1126 2604 animo
1139 2579 1233 2618 eger
1251 2567 1301 2605 ad
1319 2567 1495 2619 requiem
1512 2569 1627 2608 uado.

160 2629 411 2681 Rogantibus
430 2630 565 2668 amicis
585 2644 635 2668 ne
660 2644 722 2669 me
750 2630 948 2668 anxietate
977 2634 1017 2668 et
1044 2630 1192 2669 ieiunio
1218 2631 1512 2671 condeficerem.
1532 2647 1627 2685 pau·

160 2693 285 2731 lulum
306 2692 383 2731 cibi
402 2697 540 2732 contra
559 2694 680 2732 animi
701 2694 951 2732 uoluntatem
972 2707 1126 2733 sumere
1146 2695 1242 2747 cepi.
1258 2709 1397 2747 meque
1417 2700 1463 2736 ut
1483 2702 1627 2748 praesto
