1734 3115
121 219 178 255 60
586 227 817 255 EP1s'r0LA
841 227 1126 256 ALEXANDRI

125 319 256 367 Quare
279 322 361 357 tam
390 318 612 357 incredibili
637 332 679 357 re
702 319 816 357 illudi
840 332 903 358 me
926 332 949 358 a
973 319 1149 358 barbaris
1170 318 1332 358 senibus
1360 318 1585 357 existimaui

121 396 225 434 pena
236 396 302 421 eos
321 382 488 434 impingi
507 386 547 421 et
567 383 698 434 aliqua
717 383 957 421 contumelia
975 383 1073 421 iussi
1091 383 1244 422 notari:
1267 383 1325 422 ita
1344 383 1490 421 dicens.
1513 382 1586 420 ita-

121 460 172 485 ne
191 460 238 485 eo
257 446 442 485 maiestas
462 460 548 485 mea
577 447 761 498 peruenit
781 447 829 484 ab
850 447 1053 485 occidente
1073 461 1198 498 usque
1225 448 1267 485 in
1287 447 1479 486 orientem
1498 450 1545 484 ut
1565 460 1588 484 a

123 509 284 548 senibus
312 510 489 549 barbaris
522 524 566 548 ac
596 509 807 561 decrepitis
843 510 958 548 illudi
988 524 1051 548 me
1080 524 1195 561 posse
1224 511 1371 550 uidear.
1431 511 1587 560 Quibus

123 573 348 612 iurantibus
368 587 409 611 se
429 574 551 612 nichil
569 573 659 611 salsi
678 573 951 612 commiscere:
981 575 1151 625 experiri
1169 588 1231 613 me
1249 588 1364 626 posse
1382 576 1498 614 modo
1521 575 1590 626 [ad

111 637 192 686 fol.
214 629 323 687 12'3]
346 651 396 675 an
414 650 511 675 uera
531 636 718 675 dicerent.
740 636 1011 688 appariturum
1038 637 1153 675 breui
1170 637 1213 676 id
1236 651 1318 676 non
1336 651 1421 676 esse
1440 651 1588 676 uanum

125 701 331 739 orantibus
369 700 504 738 amicis
543 700 832 751 comitibusque
870 700 969 739 meis
999 714 1050 739 ne
1087 704 1199 740 tante
1226 701 1285 739 rei
1317 701 1588 753 experimento

124 765 421 803 fraudaremur:
456 765 508 803 xl.
541 765 649 803 milia
681 778 835 803 mecum
866 779 954 803 cum
987 765 1168 816 equitatu
1195 766 1310 804 traxi.
1343 766 1518 804 remissis
1546 765 1588 803 in

123 828 294 867 fasiacen
320 829 442 880 copiis
472 842 561 868 cum
586 829 821 880 quibusdam
846 829 1033 881 prefectis
1059 830 1313 881 exercituque
1338 834 1483 869 cuncto
1511 830 1588 868 ele-

123 892 245 930 fantis
265 896 306 930 et
324 906 417 943 rege
434 906 532 944 poro
552 896 592 931 et
607 893 900 944 impedimentis
919 893 1113 932 omnibus.
1169 894 1268 932 Mox
1283 925 1290 932 .
1307 924 1314 931 .
1330 924 1337 932 .
1352 894 1589 933 ducentibus

123 955 309 994 indorum
341 955 502 994 senibus
529 956 606 994 iter
629 956 851 1007 arripimus.
910 956 990 1005 Qui
1013 970 1102 995 mox
1132 960 1179 995 ut
1209 957 1379 995 diximus
1416 971 1488 1009 per
1516 957 1587 995 im-

123 1018 254 1057 mania
272 1023 313 1057 et
333 1019 492 1070 egentia
509 1019 741 1070 plerumque
761 1033 949 1071 aquarum
968 1033 1039 1071 per
1057 1020 1207 1071 aliquot
1228 1021 1471 1072 serpentium
1490 1021 1589 1059 fera-

123 1095 289 1133 rumque
308 1082 395 1121 loca
413 1083 663 1121 deduxerunt
682 1082 725 1120 in
745 1083 961 1134 proximam
990 1084 1138 1122 oraculi
1164 1084 1307 1122 sedem.
1363 1084 1427 1122 De
1447 1085 1589 1136 quibus

123 1146 218 1184 feris
248 1150 289 1185 et
323 1147 574 1198 serpentibus
605 1159 799 1198 quamque
828 1147 1034 1185 innumere
1071 1151 1112 1185 et
1144 1148 1274 1186 indica
1305 1148 1442 1199 lingua
1477 1152 1591 1186 erant

122 1210 297 1248 uocitate
329 1210 581 1249 scribendum
611 1210 686 1248 tibi
723 1224 804 1248 non
841 1211 993 1261 putaui.
1053 1211 1155 1248 Cum
1187 1212 1590 1263 appropinquaremus

122 1274 274 1324 regioni
294 1287 316 1312 a
334 1274 449 1312 nobis
469 1274 619 1325 petite:
650 1273 823 1311 uidimus
852 1273 1018 1312 feminas
1041 1274 1227 1325 uirosque
1253 1275 1405 1326 aliquos
1424 1275 1590 1326 panthe-

121 1351 254 1375 rarum
287 1338 570 1389 tygridumque
600 1338 772 1389 pellibus
800 1341 1017 1376 contectos.
1047 1351 1070 1376 a
1099 1339 1243 1389 quibus
1275 1353 1348 1377 con
1379 1339 1590 1390 quaerimus

122 1401 281 1452 quinam
313 1401 492 1439 homines
520 1404 653 1439 essent
677 1401 746 1451 [ad
759 1402 839 1451 sol.
858 1403 934 1439 123
955 1401 1007 1451 b.]
1029 1401 1143 1440 indos
1173 1415 1213 1440 se
1242 1416 1314 1441 sua
1340 1403 1478 1454 lingua
1505 1417 1591 1441 esse

123 1464 318 1503 dicebant.
375 1465 510 1503 Lucus
530 1469 615 1502 erat
627 1465 761 1515 largus
781 1465 900 1503 thure
921 1469 961 1503 et
977 1465 1228 1516 opobalsamo
1248 1466 1493 1504 habundans.
1506 1480 1591 1518 quae

99 1529 316 1580 ‘plurimus
344 1529 463 1566 ramis
493 1542 629 1566 eorum
658 1529 968 1566 innascebantur
996 1542 1214 1567 nemorum.
1250 1534 1290 1567 et
1327 1530 1435 1568 uesci
1462 1530 1590 1569 incole

121 1592 208 1630 eius
236 1592 409 1643 regionis
436 1595 725 1629 consueuerant
748 1622 755 1629 .
781 1622 789 1630 .
812 1622 819 1629 .
843 1621 850 1629 .
872 1592 1017 1643 pedum
1042 1606 1124 1630 non
1150 1592 1319 1644 amplius
1350 1593 1483 1632 decem
1513 1598 1591 1632 sta-

121 1660 212 1694 tura
231 1657 371 1694 altior:
401 1655 514 1707 nigro
534 1669 697 1707 corpore
723 1656 909 1694 dentibus
935 1656 1097 1694 caninis.
1119 1657 1287 1695 antistes
1307 1658 1454 1695 oraculi
1473 1672 1591 1710 appa-

122 1720 215 1758 ruit.
236 1719 446 1771 perforatis
475 1719 649 1757 auribus.
676 1732 724 1757 ex
755 1719 899 1769 quibus
925 1719 1092 1757 uniones
1118 1719 1416 1771 dependebant:
1446 1726 1487 1759 et
1507 1725 1591 1760 erat

121 1783 291 1834 pellibus
311 1783 495 1821 uestitus.
552 1783 687 1833 Atque
715 1795 804 1820 cum
824 1795 885 1820 me
911 1795 1020 1820 inore
1043 1782 1202 1833 rituque
1231 1783 1421 1822 salutaret
1440 1788 1591 1823 metum

122 1846 372 1884 simulatione
394 1845 631 1897 silentioque
651 1845 766 1883 texit.
825 1845 957 1893 Quare
984 1859 1073 1883 cum
1099 1846 1366 1897 interrogaret
1396 1848 1490 1898 quid
1517 1862 1590 1899 ego

122 1910 319 1948 uenissem
334 1927 342 1948 ;
364 1910 445 1948 dixi
463 1924 525 1947 me
541 1909 768 1961 cupientem
781 1909 974 1960 inspicere
989 1923 1117 1948 sacras
1130 1910 1289 1949 arbores
1307 1911 1460 1961 [adfol.
1479 1912 1587 1962 124]

121 1974 214 2012 solis
234 1977 274 2011 et
293 1973 399 2011 lune.
457 1973 558 2011 Tum
577 1973 778 2011 barbarus.
837 1973 878 2010 Si
897 1986 920 2011 a
939 1973 1048 2011 coitu
1063 1974 1193 2025 inquit
1208 1975 1354 2025 puerili
1365 1979 1406 2013 et
1420 1975 1590 2014 femineo

121 2042 308 2076 contactu
345 2050 484 2075 uaeas:
525 2036 674 2075 scilicet
711 2037 879 2074 intrabis
917 2037 1098 2075 diuinum
1134 2038 1281 2076 lucum.
1349 2039 1590 2078 Astantibus

121 2101 255 2139 amicis
281 2104 322 2138 et
353 2101 687 2138 commilitonibus
714 2101 810 2138 meis
837 2100 995 2138 circiter
1022 2102 1235 2140 trecentis:
1266 2116 1413 2153 ponere
1443 2103 1590 2142 amicos

121 2168 331 2215 uestesque
355 2177 444 2201 cum
471 2163 738 2201 calciamentis
764 2163 998 2214 imperauit:
1031 2164 1150 2201 Parui
1169 2178 1241 2215 per
1267 2166 1398 2203 omnia
1416 2166 1589 2205 homini:

121 2232 167 2266 ut
187 2241 414 2279 pareremus
433 2226 625 2277 religioni.
683 2225 903 2264 Vndecima
929 2226 1006 2264 diei
1035 2226 1131 2265 hora
1156 2229 1390 2279 expectabat
1411 2231 1592 2269 sacerdos

122 2293 215 2331 solis
236 2305 427 2330 occasum.
486 2291 591 2328 Nam
613 2290 706 2328 solis
725 2290 905 2328 arborem
928 2290 1038 2341 loqui
1057 2304 1101 2329 ac
1125 2305 1315 2343 responsa
1335 2293 1426 2331 dare
1446 2295 1495 2333 ad
1514 2296 1592 2346 pri-

123 2370 205 2395 mos
232 2356 379 2394 iubaris
400 2359 512 2393 ortus
533 2354 765 2392 affirmabat.
825 2354 932 2392 Item
952 2355 1080 2392 noctis
1100 2356 1235 2394 eadem
1263 2360 1443 2409 tempora
1462 2363 1592 2397 custo-

123 2420 205 2458 dire
220 2420 315 2457 lune
335 2419 544 2457 enarrabat
564 2418 745 2456 arborem
760 2447 768 2455 .
788 2447 795 2455 .
816 2448 823 2455 .
843 2448 850 2455 .
872 2417 1006 2468 Igitur
1025 2419 1295 2469 perambulare
1310 2424 1440 2458 totum
1452 2435 1592 2461 nemus

122 2483 267 2534 incipio
298 2513 305 2521 .
336 2513 342 2519 .
373 2513 380 2520 .
410 2482 606 2532 uideoque
635 2481 936 2532 opobalsamum
965 2494 1054 2518 cum
1084 2482 1234 2533 optimo
1263 2483 1381 2521 odore
1409 2485 1592 2525 omnibus

122 2547 296 2597 undique
327 2545 511 2584 arborum
538 2544 656 2582 ramis
684 2543 1053 2582 habundantissime
1086 2558 1262 2583 manans.
1321 2546 1445 2586 Cuius
1474 2549 1592 2588 odore

123 2613 274 2661 captus,
297 2613 337 2647 et
356 2609 441 2660 ipse
462 2608 615 2646 dibulas
639 2608 727 2657 (hoe
746 2613 813 2654 est,
825 2608 1078 2658 paropsidas)
1103 2610 1371 2659 peruellebam
1401 2612 1449 2650 de
1474 2613 1592 2651 corti-

122 2675 245 2712 cibus.
266 2677 307 2711 et
326 2674 427 2711 idem
456 2673 618 2711 comites
650 2672 725 2710 mei
745 2672 952 2710 faciebant.
1010 2672 1061 2709 In
1081 2673 1208 2711 media
1230 2678 1363 2712 autem
1382 2680 1495 2727 parte
1514 2678 1593 2716 luci

122 2752 229 2777 sacre
248 2737 406 2776 arbores
426 2736 698 2774 consistebant
721 2736 875 2786 [adfol.
898 2738 974 2773 124
994 2736 1046 2785 ὂ]
1072 2736 1237 2775 diuersis
1257 2739 1467 2789 generibus
1487 2740 1592 2791 fron-
