1734 3115
147 215 201 250 54
619 226 849 255 EPISTOLA
868 229 1147 257 ALEXANDRI

146 315 317 354 ducenta
329 316 628 369 quinquaginta.
684 320 778 360 Duo
791 322 899 362 milia
914 324 986 363 sub
1003 325 1120 363 armis
1135 325 1332 364 mulorum
1348 325 1608 364 castrensium

145 382 185 416 et
204 378 253 416 ad
273 379 445 419 sarcinas
464 381 637 421 militum
656 385 857 425 uehendas
878 401 1064 427 curruum
1086 389 1163 427 duo
1182 389 1301 428 milia.
1360 389 1608 428 Camelorum

145 442 496 496 dromedarumque
529 450 570 485 et
601 447 723 486 boum
746 449 824 488 duo
853 451 963 490 milia
996 452 1064 503 qui
1094 452 1295 491 frumenta
1324 453 1536 491 uehebant.
1568 457 1608 491 et

143 510 412 546 armentorum
431 509 481 547 ad
499 524 617 549 usum
635 513 763 551 carnis
784 515 980 553 cotidiane
1000 516 1140 567 ingens
1155 530 1344 555 numerus
1358 517 1608 568 sequebatur.

146 569 333 608 Ceterum
359 572 470 622 equis
500 577 541 611 et
573 574 691 613 mulis
721 580 761 614 et
789 577 1011 628 elephantis
1045 583 1085 616 et
1116 580 1274 617 camelis
1303 593 1421 618 aurea
1452 594 1609 632 quoque

143 634 266 673 frena.
322 635 460 675 Luxus
497 651 579 676 non
615 652 754 690 parum
791 641 906 680 nobis
935 642 1169 693 promiserat
1205 643 1475 683 uictoriarum.
1532 645 1609 683 Sed

143 701 240 736 tunc
277 699 320 736 in
358 704 535 751 spectata
571 715 671 753 aqua
703 704 788 755 ipsa
823 719 965 756 pecora
998 706 1067 744 uix
1097 720 1138 745 se
1176 707 1373 746 sustinere
1410 711 1608 759 poterant.

143 762 299 800 Milites
319 764 478 814 quidem
500 779 606 805 nunc
626 767 866 807 ferramenta
884 769 1105 809 lambendo.
1126 784 1233 809 nunc
1259 771 1389 809 oleum
1412 772 1609 822 gustando

144 826 267 864 diram
286 827 416 878 aliquo
436 830 552 868 modo
579 830 735 870 differre
763 833 882 871 sitim.
910 834 975 872 uel
1001 835 1154 872 auferre
1183 835 1440 873 conabantur.
1496 835 1608 873 Vidi-

142 903 230 928 mus
250 891 368 930 etiam
393 893 601 945 plerosque
623 896 775 946 pudore
799 897 942 936 amisso
963 911 1073 935 suam
1097 898 1251 936 urinam
1272 902 1436 937 uexatos
1455 898 1607 936 ultimis

140 955 444 994 necessitatibus
463 957 704 997 haurientes.
764 959 862 1008 Quae
880 973 943 998 res
965 961 1176 1012 dupliciter
1196 975 1257 999 me
1284 962 1414 1000 torsit.
1474 962 1606 1000 Primo

142 1018 190 1056 de
216 1022 326 1057 statu
352 1020 508 1071 [adfol.
540 1024 615 1060 118
644 1023 695 1072 ἂ]
725 1023 921 1062 exercitus
950 1024 1076 1075 magis
1105 1038 1222 1075 quam
1246 1025 1293 1063 de
1328 1025 1489 1077 proprio
1519 1039 1607 1064 meo

141 1083 334 1121 sollicitus
353 1084 412 1122 fui
431 1085 618 1136 periculo.
676 1087 783 1125 Iussi
802 1092 934 1125 tamen
954 1092 1001 1125 ut
1021 1088 1162 1125 armati
1177 1101 1319 1139 agmen
1334 1093 1606 1139 sequerentur.

142 1146 291 1197 Legem
311 1147 391 1185 dixi
410 1162 473 1186 me
492 1149 534 1186 in
553 1163 644 1188 eum
663 1151 1032 1190 animaduersurum
1053 1152 1214 1203 quinon
1232 1152 1421 1203 legitimis
1440 1152 1607 1190 indutus

141 1210 441 1262 insignibusque
461 1213 579 1251 armis
598 1214 640 1252 in
660 1215 745 1253 acie
763 1215 1031 1266 deprehensus
1045 1220 1161 1254 esset.
1220 1216 1339 1264 Quod
1357 1216 1434 1267 ipsi
1447 1216 1605 1267 quidem

140 1274 396 1322 mirabantur,
417 1277 523 1327 quod
547 1277 605 1315 ita
632 1278 703 1316 ubi
721 1279 855 1317 nullus
882 1284 1090 1331 appareret
1110 1280 1236 1318 hostis
1256 1293 1417 1317 necesse
1435 1284 1540 1318 esset
1565 1280 1607 1317 in

140 1342 253 1376 tanta
273 1338 340 1376 siti
360 1344 531 1378 armatos
550 1340 716 1392 ingredi.
774 1342 852 1381 Sed
871 1356 943 1394 ego
965 1343 1133 1381 sciebam
1153 1357 1224 1394 per
1246 1343 1421 1381 bestiosa
1446 1356 1604 1394 serpen-

139 1402 318 1453 tiosaque
337 1403 424 1441 loca
441 1404 555 1442 nobis
575 1405 652 1443 iter
671 1419 755 1444 esse
775 1420 825 1444 ne
846 1407 1028 1458 opposito
1054 1407 1229 1458 periculo
1257 1407 1540 1457 frangeremur.
1561 1420 1605 1444 ac

140 1479 190 1503 ne
210 1466 482 1517 imprudentes
502 1468 879 1508 circumueniremur
891 1471 956 1508 uel
968 1471 1173 1522 inopinato
1193 1471 1369 1522 periculo
1384 1470 1604 1508 feriremur.

92 1563 99 1569 ,
140 1529 283 1580 Ripam
298 1530 421 1580 igitur
436 1531 609 1570 fluminis
626 1537 838 1583 sequentes
854 1534 903 1572 ad
918 1534 1053 1572 horam
1067 1534 1144 1572 diei
1160 1539 1341 1572 octauam
1352 1534 1402 1572 ad
1417 1534 1605 1585 oppidum

139 1594 392 1643 peruenimns
426 1595 531 1645 quod
562 1595 604 1633 in
630 1596 757 1634 medio
782 1597 853 1646 [ad
862 1597 940 1647 fol.
973 1599 1081 1647 119]
1108 1611 1221 1635 amne
1248 1598 1289 1635 in
1308 1597 1440 1635 insula
1467 1611 1515 1635 ex
1543 1597 1604 1636 his

139 1657 399 1695 arundinibus
432 1671 528 1708 quas
554 1659 672 1709 paulo
700 1664 792 1698 ante
823 1660 1103 1712 descripsimus
1129 1665 1215 1699 erat
1241 1661 1478 1699 edificatum.
1510 1675 1606 1712 pau-

139 1734 281 1771 cosque
319 1721 501 1759 indorum
532 1723 758 1762 seminudos
778 1724 1006 1762 notauimus
1044 1725 1233 1763 homines.
1265 1724 1332 1776 qni
1364 1725 1461 1762 uisis
1491 1725 1606 1764 nobis

138 1784 328 1822 continuo
358 1785 464 1823 inter
500 1789 699 1824 tectorum
733 1801 895 1826 suorum
927 1788 1102 1826 culmina
1133 1788 1393 1826 delituerunt.
1426 1788 1604 1837 Quorum

136 1861 212 1898 ego
242 1849 492 1899 praesentiam
519 1850 655 1888 uidere
685 1851 910 1889 desiderans
934 1855 980 1889 ut
1011 1852 1166 1890 dulcem
1191 1852 1339 1902 ignaris
1373 1865 1514 1903 aquam
1540 1852 1604 1890 de-

140 1915 419 1950 monstrarent.
454 1918 669 1964 apparente
697 1915 807 1952 nullo
833 1928 978 1966 paucas
997 1915 1039 1953 in
1073 1915 1277 1953 ciuitatem
1309 1915 1408 1953 deici
1439 1915 1604 1966 sagittas

138 1975 340 2026 imper-aui.
361 1980 407 2014 ut
428 1977 460 2014 si
486 1977 696 2016 uoluntate
723 1992 793 2016 sua
821 1979 975 2017 nollent
1001 1980 1211 2031 procedere
1238 1984 1347 2017 metu
1365 1979 1506 2017 bellico
1526 1979 1604 2017 acti

136 2040 431 2078 exhiberentur.
488 2041 616 2080 Tanto
636 2042 760 2093 magis
788 2043 943 2082 cunctis
963 2048 1128 2095 propter
1150 2044 1332 2082 timorem
1357 2043 1514 2081 abditis.
1536 2044 1604 2082 diu

137 2108 351 2153 apparente
371 2104 539 2142 nemine.
562 2105 754 2144 ducentos
772 2107 919 2144 milites
941 2121 989 2145 ex
1009 2107 1289 2146 macedonibus
1309 2108 1464 2145 leuibus
1484 2107 1602 2145 armis

136 2166 226 2204 misi
255 2180 327 2218 per
356 2181 511 2205 amnem
540 2172 759 2207 nataturos.
817 2170 987 2221 Jamque
1019 2175 1199 2221 quartam
1237 2171 1411 2209 fluminis
1448 2175 1602 2222 partem

136 2234 384 2268 natauerant.
441 2231 552 2270 Tunc
575 2232 770 2271 horrenda
795 2247 857 2272 res
882 2234 974 2272 uisu
1003 2235 1136 2273 subito
1162 2235 1276 2273 nobis
1303 2239 1515 2286 conspecta
1541 2238 1603 2273 est

135 2295 302 2333 maiores
322 2295 623 2346 elephantorum
643 2297 873 2348 corporibus
894 2299 964 2348 [ad
967 2299 1047 2349 fbl.
1071 2301 1145 2337 119
1163 2300 1214 2348 In]
1227 2299 1485 2351 hypopotami
1496 2299 1603 2338 inter

135 2358 353 2408 profundos
386 2372 577 2409 aquarum
605 2365 875 2412 apparuerunt
905 2363 1097 2413 gurgites.
1128 2366 1340 2414 raptosque
1373 2363 1415 2401 in
1447 2362 1601 2402 uortice

135 2422 285 2460 crudeli
321 2436 423 2474 pena
459 2423 567 2461 uiros
605 2424 795 2463 fientibus
824 2426 939 2464 nobis
977 2430 1292 2477 assumpserunt.
1349 2426 1484 2464 Iratus
1513 2430 1600 2464 tum

134 2499 207 2536 ego
228 2487 392 2524 ducibus
422 2487 489 2538 qui
517 2501 589 2525 nos
616 2488 659 2526 in
681 2489 844 2527 insidias
871 2489 1127 2527 deduxerant.
1148 2489 1264 2527 iubeo
1284 2502 1331 2527 ex
1360 2489 1422 2527 his
1457 2490 1527 2528 .dc.
1558 2490 1601 2528 in

134 2550 282 2588 flumen
311 2551 430 2588 mitti.
509 2551 665 2599 Quibus
703 2553 902 2604 propulsis
939 2553 1250 2603 natantibusque
1283 2553 1424 2591 inuicti
1461 2567 1599 2592 rursus

133 2612 388 2664 hypopotami
409 2614 548 2665 dignos
568 2615 675 2653 iusta
694 2629 796 2666 pena
815 2617 989 2655 affecere.
1047 2616 1123 2654 Sed
1143 2616 1267 2653 maior
1285 2617 1504 2667 explicatus
1524 2631 1597 2655 nu·

132 2689 263 2714 merus
282 2676 487 2715 beluarum
508 2692 624 2728 quam
643 2679 754 2730 prius
774 2680 887 2717 affuit
907 2679 955 2718 ad
983 2693 1092 2731 spem
1111 2679 1203 2717 inde
1224 2680 1496 2730 contingentis
1521 2680 1599 2718 cibi

133 2739 201 2777 ubi
234 2753 322 2777 cum
354 2746 590 2792 apparerent
628 2743 756 2782 ueluti
792 2743 955 2781 formice
985 2743 1213 2781 efferbuere.
1271 2743 1406 2794 Atque
1438 2757 1489 2781 ne
1521 2756 1597 2794 qua
