1734 3115
125 231 179 266 64
477 238 479 240 ·
708 243 768 269 DE
795 243 946 271 REBUS
970 244 1021 271 IN

124 332 241 370 diunt
282 334 355 373 sub
395 338 501 374 terra
537 335 741 388 profertur
785 337 891 376 foras
932 352 1058 389 usque
1100 338 1177 376 diei
1219 339 1355 377 horam
1398 339 1588 390 quintam.

123 395 322 436 Homines
353 402 487 438 autem
521 400 588 451 qui
617 400 784 439 audaces
812 405 907 439 sunt
926 401 1027 440 illud
1053 403 1204 441 tollere.
1236 403 1299 442 Sic
1323 404 1469 442 tollent
1494 408 1591 455 aput

122 460 290 499 camelos
320 463 516 502 masculos
547 467 588 501 et
617 463 784 502 feminas
815 464 904 502 illas
942 479 1027 516 quae
1063 465 1213 504 habent
1249 466 1386 505 foetas.
1444 467 1590 506 Foetas

121 527 255 562 autem
292 528 403 564 trans
440 526 589 565 fiumen
618 527 827 578 gargulum
865 527 1046 578 alligatos
1083 528 1317 579 relinquunt
1353 534 1394 568 et
1431 531 1590 569 camelis

120 585 302 627 foeminis
341 603 482 627 aurum
518 589 728 641 inponunt.
786 590 862 628 Ille
899 595 1033 629 autem
1070 591 1220 642 pietate
1253 593 1302 630 ad
1340 606 1431 638 suos
1459 595 1589 645 pullos

118 649 366 691 festinantes.
396 653 452 691 ibi
480 652 645 691 masculi
674 657 892 692 remanent.
920 658 961 692 et
988 654 1054 692 ille
1077 654 1251 694 formicae
1284 660 1493 707 sequentes
1523 658 1587 696 in—

119 714 290 753 ueniunt
323 729 389 755 eos
415 717 609 755 masculos
640 721 680 756 et
713 718 927 756 comedunt
950 732 1028 757 eos.
1085 718 1194 757 Dum
1225 719 1328 758 circa
1356 724 1489 759 autem
1521 735 1589 759 eos

120 783 320 829 occupatae
350 784 446 818 sunt
475 781 636 819 foemine
661 785 874 820 transeunt
896 781 1046 819 flumen
1069 795 1159 820 cum
1190 782 1428 821 hominibus.
1485 784 1589 823 Sunt

119 846 254 880 autem
272 847 354 882 tam
374 845 531 883 ueloces
550 849 597 883 ut
617 849 735 897 putes
755 859 822 884 eos
841 846 986 884 uolare.

173 905 251 945 XI.
282 907 398 946 Inter
417 908 514 947 duas
534 909 604 947 has
625 923 758 948 amnes
779 910 930 948 colonia
950 913 1012 948 est
1035 909 1216 948 locothea
1235 924 1319 961 quae
1338 911 1444 949 inter
1462 912 1587 951 nilum

121 973 162 1007 et
181 969 406 1010 brixontem
425 972 557 1024 posita
575 977 648 1012 est.
706 974 811 1011 Nam
837 974 943 1012 nilus
969 977 1031 1012 est
1055 974 1183 1025 capud
1208 974 1422 1013 fluuiorum
1448 979 1489 1014 et
1516 990 1588 1027 per

118 1033 306 1085 aegiptum
326 1036 416 1074 fluit
436 1050 553 1088 quam
573 1037 707 1088 aegipti
726 1037 979 1075 archoboleta
994 1041 1140 1075 uocant
1160 1051 1245 1088 quae
1260 1042 1321 1076 est
1333 1052 1433 1090 aqua
1445 1053 1588 1091 magna

117 1096 160 1134 in
180 1097 241 1136 his
260 1098 357 1138 locis
376 1101 557 1139 nascitur
575 1101 792 1140 multitudo
812 1114 955 1152 magna
975 1101 1289 1152 elephantorum.

170 1161 272 1199 XII.
303 1163 540 1202 Nascuntur
570 1168 611 1202 et
641 1165 698 1203 ibi
733 1164 912 1203 homines
944 1164 1138 1203 habentes
1176 1165 1407 1216 staturam]
1440 1167 1589 1220 pedum⁴

119 1238 189 1262 .xv.
212 1239 354 1276 corpus
373 1228 565 1266 habentes
586 1228 796 1267 candidum
816 1228 912 1266 duas
928 1227 970 1266 111
990 1242 1069 1266 11113
1084 1229 1181 1279 [11110
1199 1229 1236 1279 ?]
1254 1229 1444 1268 habentes
1458 1232 1586 1282 capite

118 1287 238 1327 facies
268 1291 388 1329 rubra
416 1305 545 1343 genua
575 1305 671 1330 naso
699 1292 818 1344 longo
847 1292 999 1343 capillis
1029 1292 1165 1343 nigris.
1197 1306 1287 1331 cum
1315 1297 1473 1346 tempus
1502 1295 1585 1346 gig-

115 1353 237 1391 nendi
264 1354 387 1394 fuerit
416 1355 497 1393 suis
517 1355 700 1394 manibus
719 1355 1018 1394 transferuntur
1036 1355 1079 1394 in
1106 1356 1253 1394 indiam
1283 1360 1324 1395 et
1351 1357 1407 1395 ibi
1435 1359 1584 1409 prolem

114 1416 299 1456 reddunt.

166 1480 293 1518 XIII.
323 1481 430 1519 Item
449 1482 593 1520 liconia
611 1482 654 1520 in
673 1482 791 1534 gallia
810 1487 1030 1521 nascuntur
1045 1483 1224 1522 homines
1237 1484 1441 1535 tripartito
1455 1486 1583 1524 colore

104 1557 285 1594 0quorum
309 1545 439 1596 capita
468 1546 599 1597 capita
626 1546 787 1585 leonum
814 1547 982 1597 pedibus
1013 1561 1085 1584 .xx.
1116 1560 1182 1585 ore
1211 1548 1452 1599 amplissimo
1481 1550 1584 1588 sicut

113 1621 290 1645 nannum
309 1608 507 1647 hominem
534 1623 623 1647 cum
647 1610 907 1660 cognouerint
930 1616 1000 1648 aut
1021 1610 1053 1648 si
1079 1611 1166 1661 quis
1185 1616 1448 1662 persequatur
1465 1613 1583 1664 longe

113 1671 275 1723 fugiunt
294 1675 335 1710 et
355 1673 547 1724 sanguine
567 1674 712 1711 sudent
732 1673 961 1723 [311ε131119]ι
982 1674 1024 1711 111
1040 1678 1236 1725 putantur
1250 1675 1429 1714 homines
1448 1676 1581 1715 fuisse.

167 1736 284 1774 XIV.
316 1737 440 1775 Trans
460 1737 685 1776 brixontem
708 1737 856 1775 flumen
875 1737 925 1776 ad
951 1738 1145 1776 orientem
1163 1743 1385 1777 nascuntur
1403 1740 1582 1779 homines

113 1800 221 1850 longi
241 1804 281 1838 et
302 1800 434 1851 magni
453 1801 644 1840 habentes
663 1801 813 1839 femora
841 1805 882 1840 et
908 1815 1039 1839 3111133
1067 1802 1142 1840 .xii.
1170 1803 1316 1853 pedum
1342 1803 1469 1842 latera
1493 1818 1583 1842 cum

113 1868 272 1915 pectore
294 1864 368 1902 .vii.
389 1864 535 1916 pedum
547 1864 676 1903 colore
690 1865 804 1915 nigro
819 1878 916 1916 (11103
929 1865 1062 1903 1103103
1076 1865 1151 1904 1110
1164 1866 1420 1917 appellamus.
1476 1867 1583 1906 Nam

114 1941 369 1979 quoscunque
389 1928 551 1980 capiunt
572 1928 795 1967 comedunt.

167 1992 259 2030 XV.
291 1992 393 2029 Sunt
421 1996 462 2030 et
494 1992 568 2030 alie
598 1992 775 2030 bestiolae
800 1992 839 2029 in
873 1992 1057 2030 brixonte
1083 2006 1168 2044 quae
1200 1993 1358 2033 lertices
1389 1995 1583 2046 apellatur

113 2055 275 2094 auribus
295 2056 458 2093 asininis
477 2055 624 2093 uellere
645 2055 763 2093 ouino
783 2055 951 2106 pedibus
971 2069 1091 2094 ouum
1112 2056 1267 2105 [auium
1284 2058 1332 2107 Ρ]

167 2119 286 2156 XVI.
314 2119 389 2157 Est
417 2123 458 2157 et
481 2119 556 2157 alia
581 2118 710 2156 insula
736 2119 779 2156 in
808 2119 991 2157 brixonte
1019 2120 1069 2157 ad
1091 2120 1294 2158 meridiem
1322 2121 1365 2158 in
1395 2135 1471 2172 qua
1495 2136 1582 2161 nas-

114 2186 260 2221 cuntur
286 2182 465 2220 homines
485 2182 570 2220 sine
590 2182 787 2233 capitibus
811 2182 879 2232 qui
903 2183 946 2220 in
964 2187 1125 2233 pectore
1154 2183 1303 2222 habent
1324 2185 1458 2223 oeulos
1477 2191 1518 2224 et
1537 2200 1580 2225 os

113 2247 185 2286 alti
200 2250 295 2284 sunt
313 2246 459 2297 pedum
481 2245 573 2284 11111.
594 2248 636 2283 01
654 2245 727 2283 1311
747 2245 864 2283 simili
882 2245 998 2283 modo
1018 2246 1164 2296 pedum
1186 2246 1279 2284 .uiii.

165 2309 309 2348 XVII.
339 2309 573 2348 Nascuntur
603 2312 644 2347 et
669 2308 725 2347 ibi
759 2309 947 2347 dracones
971 2309 1267 2360 longitudinem
1293 2311 1485 2352 habentes
1518 2314 1575 2352 .cl.

113 2374 259 2425 pedum
278 2373 525 2411 uastitudine
544 2372 826 2411 columnarum.
847 2376 1012 2424 propter
1036 2374 1335 2413 multitudinem
1365 2376 1579 2415 draconum

112 2452 228 2476 nemo
246 2437 360 2476 facile
380 2437 487 2476 adire
506 2440 640 2488 potest
659 2441 771 2475 trans
790 2436 949 2475 flumen.

166 2502 333 2540 XVIII.
364 2501 461 2540 Post
479 2501 586 2539 hunc
604 2500 735 2539 locum
747 2500 823 2538 3113
842 2503 904 2538 031
922 2500 1031 2551 regio
1047 2513 1192 2538 oceano
1212 2501 1432 2540 dexteriore
1451 2507 1575 2554 parte.

113 2565 240 2604 stadia
261 2564 445 2603 .cccxxiii.
467 2577 551 2616 quae
578 2563 732 2602 faciunt
758 2564 898 2602 leuuas
919 2562 1044 2601 .cclui.
1065 2567 1105 2601 et
1124 2564 1337 2602 miliarium
1363 2579 1486 2604 unum
1509 2568 1579 2606 ubi

112 2633 333 2668 nascuntur
364 2628 595 2667 homodubii
618 2629 685 2679 qui
718 2641 843 2680 usque
873 2628 922 2666 ad
951 2627 1182 2666 umbilicum
1205 2629 1375 2667 hominis
1409 2632 1578 2682 speciem

114 2693 262 2731 habent
290 2692 440 2743 reliquo
470 2705 632 2743 corpore
670 2705 817 2743 onagro
856 2691 1002 2728 similes
1039 2691 1168 2742 longis
1200 2692 1367 2742 pedibus
1395 2698 1443 2732 ut
1472 2708 1576 2735 31103.

113 2758 205 2796 10113
222 2769 320 2795 uoce
340 2756 408 2794 sed
428 2755 625 2793 hominem
646 2769 735 2793 cum
755 2755 929 2793 uiderint
947 2755 1064 2805 longe
1083 2754 1256 2805 fugiunt.
