1734 3115
469 184 530 211 m:
557 183 708 211 annus
732 183 781 210 IN
804 183 1013 211 οιιιΕΝΤΕ
1036 183 1374 211 MIRABILIBUS.
1593 174 1647 210 63

177 273 285 313 bices
304 273 577 326 magnitudine
595 275 716 313 boum
734 274 960 313 habitantes
983 289 1109 326 usque
1133 275 1182 314 ad
1215 275 1418 314 medorum
1444 274 1648 314 ciuitatem

177 337 242 375 0111
260 351 406 376 nomen
423 341 484 376 est
503 338 776 377 archemedon.
793 351 869 389 que
888 338 1057 377 maxima
1077 342 1138 376 est
1158 339 1207 377 ad
1225 338 1463 377 babiloniam
1483 341 1647 390 excepto

177 399 377 438 babilonia
394 400 486 439 inde
506 404 602 439 sunt
622 400 749 439 stadia
768 401 819 439 ad
838 401 1077 439 babiloniam
1096 414 1261 440 numero
1283 414 1372 441 .000.
1392 415 1468 453 que
1493 401 1646 440 faciunt

176 462 314 501 leuuas
353 476 420 502 .cc.
449 463 499 502 ab
531 464 829 503 archemedone.
885 464 951 502 Ibi
980 468 1075 503 sunt
1103 464 1170 502 illa
1203 477 1347 516 magna
1373 464 1544 516 insignia
1571 478 1646 516 que

176 539 344 578 magnus
366 527 581 576 alexander
612 528 768 579 operari
797 527 978 566 iusserat-
1006 542 1091 579 quae
1116 532 1224 566 terra
1254 528 1373 566 habet
1398 528 1442 566 in
1473 528 1646 579 longitu-

176 588 268 628 dine
287 593 329 628 et
347 590 560 629 latitudine
581 591 708 630 stadia
720 604 885 629 numero
907 604 973 630 .ec.
995 605 1080 643 quae
1093 591 1246 630 faciunt
1261 591 1397 630 leuuas
1417 591 1583 630 .cxxxiii.
1605 594 1646 629 et

174 652 381 691 dimidium
400 653 624 693 miliarium<

228 715 314 755 III.
343 716 418 755 Est
432 717 541 755 locus
556 717 744 756 euntibus
759 717 809 755 ad
820 731 926 755 mare
938 718 1102 756 rubrum
1118 717 1186 767 qui
1199 717 1344 756 dicitur
1357 717 1643 756 lentibelsinea.

174 780 218 818 in
240 780 405 831 quibus:
438 781 582 832 galline
606 784 827 819 nascuntur
858 781 993 832 quales
1020 780 1126 831 apud
1153 794 1225 819 nos
1255 781 1476 820 rubicundo
1503 781 1642 819 colore.

174 843 244 881 has
263 857 354 882 cum
370 843 512 894 aliquis
531 843 826 895 apprehendere
842 843 1016 882 uoluerit
1035 857 1196 882 manum
1208 857 1320 882 suam
1332 857 1449 895 quam
1463 844 1643 895 tetigerit

173 910 382 958 totumque
398 920 544 958 corpus
565 907 775 945 comburit.

226 970 299 1008 IV.
332 970 519 1009 Preterea
533 971 589 1009 ibi
614 967 742 1009 bestie
768 973 991 1009 naseuntur
1009 971 1069 1010 hae
1089 984 1178 1009 011111
1198 985 1338 1010 sonum
1357 971 1556 1009 audierint
1575 971 1642 1010 ho-

172 1033 325 1072 minum
350 1034 486 1072 statim
513 1034 688 1085 fugiunt.
719 1034 840 1086 pedes
867 1034 1016 1073 habent
1039 1038 1201 1073 octenos
1226 1035 1362 1073 oculos
1385 1035 1533 1073 habent
1555 1048 1642 1086 gor-

173 1110 323 1148 goneos
360 1097 455 1137 bina
491 1098 623 1149 capita
650 1098 811 1137 habent.
845 1098 878 1137 si
907 1098 995 1150 quis
1033 1111 1100 1137 eos
1137 1098 1312 1138 uoluerit
1347 1099 1642 1150 apprehendere

171 1173 337 1212 corpora
356 1174 428 1200 sua
445 1161 657 1200 inarmant.

225 1223 276 1262 V.
306 1224 582 1263 Hascellentia
600 1224 839 1263 babiloniam
858 1225 1162 1277 profiscentibus
1181 1225 1302 1264 habet
1320 1226 1450 1265 stadia
1478 1226 1539 1264 .ix
1556 1239 1642 1278 quae

171 1287 350 1326 subiacet
369 1288 598 1339 regionibus
617 1289 821 1327 medorum
841 1289 1026 1328 omnibus
1045 1289 1159 1327 bonis
1179 1290 1308 1340 plena.

224 1351 299 1390 VI.
330 1352 411 1391 Hic
435 1352 545 1391 locus
572 1357 778 1404 serpentes
807 1354 929 1392 habet
958 1354 1089 1406 capita
1115 1354 1210 1393 bina
1237 1354 1442 1393 habentes
1472 1368 1640 1406 quorum

167 1415 274 1454 oculi
291 1419 407 1454 nocte
428 1416 531 1454 sicut
550 1416 711 1455 lucerne
726 1416 874 1455 lucent.

223 1480 325 1518 VII.
355 1480 590 1519 Nascuntur
617 1484 658 1518 et
686 1480 742 1519 ibi
771 1480 910 1532 onagri
942 1494 1090 1519 cornua
1122 1481 1241 1519 boum
1278 1481 1481 1520 habentes.
1513 1482 1639 1521 forma

167 1544 336 1582 maxima
353 1543 396 1582 hi
420 1544 464 1582 in
489 1544 651 1583 dextera
679 1548 793 1596 parte
810 1544 860 1583 ab
880 1544 1080 1583 babilonia
1107 1545 1258 1584 ducunt
1278 1559 1320 1584 se
1345 1546 1387 1584 in
1413 1538 1570 1585 occulto
1589 1547 1639 1586 ad

167 1620 275 1646 mare
304 1608 471 1647 rubrum
498 1612 662 1660 propter
691 1612 896 1660 serpentes
925 1609 993 1659 qui
1020 1609 1063 1646 in
1091 1610 1169 1647 illis
1197 1610 1293 1648 locis
1321 1614 1542 1649 nascuntur
1570 1612 1638 1662 qui

167 1675 365 1710 uocantur
406 1672 551 1711 corsias
589 1672 783 1711 habentes
821 1686 970 1711 cornua
1014 1673 1158 1712 similia
1198 1674 1390 1713 arietibus
1428 1675 1484 1713 hii
1521 1689 1637 1726 quem

166 1739 449 1786 percusserunt
468 1736 648 1775 moritur.
706 1736 790 1775 Ubi
808 1737 986 1775 nascitur
1005 1737 1250 1776 abundantia
1263 1738 1412 1790 piperis
1432 1739 1538 1790 quod
1557 1752 1636 1778 ser-

165 1803 307 1850 pentes
327 1804 490 1838 seruant
519 1813 590 1838 sua
611 1800 808 1839 industria
835 1801 909 1839 hoc
937 1801 1051 1853 piper
1079 1801 1135 1840 sic
1162 1802 1313 1840 tollunt
1341 1802 1562 1841 incendunt
1590 1817 1637 1842 ea

164 1863 252 1901 loca
270 1867 311 1902 et
337 1867 541 1916 serpentes
570 1865 643 1903 sub
664 1868 811 1903 terram
833 1865 1008 1916 fugiunt.
1029 1866 1118 1904 ideo
1143 1866 1304 1917 nigrum
1330 1871 1392 1904 est
1411 1867 1538 1918 piper.
1596 1869 1636 1906 A

167 1927 366 1966 babilonia
385 1942 510 1979 usque
539 1928 710 1980 persiam
729 1928 936 1967 ciuitatem
959 1929 1028 1968 ubi
1056 1930 1235 1968 nascitur
1253 1931 1366 1982 piper
1386 1932 1512 1970 stadia
1539 1937 1634 1970 sunt

166 2003 297 2030 mooe.
321 2005 406 2043 quae
431 1991 584 2031 faciunt
602 1992 740 2030 leuuas
772 2004 897 2031 ‚Dcxx
920 1996 961 2031 et
987 1993 1191 2032 dimidium
1215 1994 1427 2033 miliarium
1454 1995 1541 2035 loca
1567 1996 1635 2034 illa

163 2056 316 2095 sterilia
335 2059 430 2104 sunt
449 2059 613 2108 propter
631 2056 931 2095 multitudinem
951 2057 1207 2109 serpentium.

216 2119 342 2159 VIII.
372 2119 563 2158 Similiter
580 2119 637 2158 ibi
654 2123 876 2159 nascuntur
894 2121 1147 2172 cenocephali
1174 2135 1272 2172 quos
1291 2135 1364 2160 nos
1383 2135 1632 2174 conopoenas

162 2184 406 2235 appellamus
425 2184 616 2222 habentes
633 2183 745 2222 iubas
762 2197 963 2235 equorum.
979 2198 1164 2236 aprorum
1181 2186 1334 2225 dentes.
1351 2187 1491 2225 canina
1504 2188 1634 2238 capita

161 2247 294 2298 ignem
322 2251 363 2285 et
390 2247 587 2285 flammam
615 2247 769 2286 flantes.
799 2248 863 2286 hic
886 2252 947 2286 est
976 2249 1118 2288 ciuitas
1142 2249 1274 2288 uicina
1297 2251 1419 2289 diues.
1447 2252 1631 2291 omnibus

160 2311 275 2350 bonis
294 2311 413 2363 plena
431 2311 652 2350 dexteriore
672 2315 784 2363 parte
805 2312 966 2350 ducitur
984 2313 1052 2350 illa
1071 2317 1177 2351 terra
1196 2314 1244 2352 ab
1265 2319 1435 2366 aegypto.

213 2375 292 2414 IX.
321 2375 374 2413 In
410 2375 539 2427 aliqua
575 2379 797 2414 nascuntur
825 2376 1002 2414 homines
1038 2380 1197 2416 statura
1233 2378 1378 2429 pedum
1408 2378 1460 2416 vi.
1491 2379 1630 2418 barbas

159 2439 350 2478 habentes
369 2452 494 2492 usque
523 2439 572 2478 ad
597 2453 741 2490 genua.
768 2453 898 2478 comas
924 2454 1050 2491 usque
1076 2441 1126 2479 ad
1151 2441 1253 2480 talos
1277 2442 1345 2492 qui
1373 2441 1490 2481 homo
1519 2443 1630 2482 dubii

159 2503 411 2555 appellantur
430 2507 471 2542 et
490 2503 619 2555 pisces
640 2504 782 2542 crudos
802 2504 1056 2542 manducant.

213 2567 265 2604 X.
297 2566 396 2618 Capi
423 2567 570 2605 fluuius
600 2567 643 2604 in
680 2566 817 2605 eodem
848 2567 934 2605 loco
973 2568 1171 2619 apellatur
1200 2582 1424 2620 gorgoneus
1454 2570 1510 2609 ibi
1540 2584 1628 2610 nas-

160 2635 306 2670 cuntur
342 2630 504 2669 formice
543 2635 700 2669 statura
744 2644 885 2669 canum
926 2631 1118 2671 habentes
1164 2633 1284 2684 pedes
1325 2634 1437 2685 quasi
1476 2635 1627 2674 locuste

157 2694 278 2733 rubro
308 2694 436 2733 colore
456 2694 646 2745 nigroque
675 2695 872 2733 fodientes
901 2708 1052 2733 aurum.
1083 2700 1124 2734 et
1153 2697 1258 2747 quod
1286 2711 1356 2749 per
1384 2702 1541 2737 noctem
1571 2699 1627 2738 fo-
