1734 3115
661 189 726 216 AD
749 189 1087 217 Anlsrornnmi.
1554 185 1605 230 57

140 280 315 319 aduersis
334 284 381 319 ut
399 280 544 319 femine
564 280 719 319 casibus
735 281 970 330 deficerent3
991 287 1118 322 castra
1138 287 1334 323 concentu
1352 285 1608 324 buccinarum

140 348 306 396 repente
323 345 374 384 ad
393 344 480 383 noti
500 344 614 383 uenti
633 345 829 396 spiracula
844 346 1010 385 tetendi.
1031 347 1100 385 ubi
1120 360 1142 385 a
1162 348 1335 386 collectis
1350 348 1606 387 barbarorum
1636 348 1640 352 ”

137 408 398 459 indorumque
428 408 525 446 uiris
557 422 663 447 noua
687 410 904 461 conspirari
938 423 1201 461 cognoueram
1233 411 1345 450 bella.
1403 412 1606 451 Militibus

138 471 235 509 meis
254 472 437 523 ingentes
457 476 571 511 erant
595 473 717 511 animi
744 473 888 524 quibus
908 477 950 512 et
974 487 1115 513 census
1142 475 1398 513 uictoriarum
1423 476 1605 528 suppedi-

138 535 251 573 tabat
282 539 324 574 et
361 536 542 575 felicitas.
597 537 765 576 Relictis
804 537 1146 589 periculosissimis
1175 538 1271 577 locis
1300 539 1500 577 minutum
1536 540 1604 577 uix

138 599 299 638 tandem
327 599 406 638 iter
433 600 681 640 calcauimus.
703 605 744 639 et
762 601 805 639 in
830 602 917 640 loca
941 602 1233 641 bactrianorum
1259 616 1354 641 auro
1377 603 1605 654 diuitiisque

136 661 254 712 plena
279 663 544 714 peruenimus.
573 664 822 716 benigneque
848 665 1003 716 excepti
1031 678 1055 702 a
1084 665 1394 703 commeantibus
1418 678 1507 703 cum
1536 665 1606 715 [ad

124 726 204 775 fol.
233 728 310 765 108
334 727 387 777 b.]
415 741 619 779 persarum
645 728 815 766 confinia·
844 728 1082 766 adiacerent.
1116 732 1156 766 et
1182 742 1287 779 ager.
1318 729 1361 766 in
1385 729 1603 781 reparando

137 789 240 828 bello
263 794 393 829 castra
421 805 494 829 .xx.
525 791 607 829 dies
635 791 761 830 statui
790 792 874 830 ocio
901 792 1020 830 facto.
1048 806 1138 830 mox
1168 792 1321 830 dierum
1350 792 1430 844 .iiij.
1459 792 1604 831 itinere

134 854 390 904 peruenimus
412 855 481 893 ubi
506 868 595 893 cum
622 855 788 893 collecto
815 856 1047 894 consederat
1075 856 1252 894 exercitu
1277 870 1410 908 porus.
1436 870 1603 908 propere

136 916 279 955 ditioni
310 918 435 969 magis
465 932 582 970 quam
614 919 749 970 praelio
780 932 822 957 se
848 919 1139 958 commissurus.
1170 933 1262 958 nam
1287 924 1328 958 et
1361 924 1602 959 commeatus

135 980 250 1019 nobis
269 981 398 1033 palam
417 995 499 1021 non
518 986 564 1020 ut
584 982 710 1021 hostis
731 983 839 1021 dedit
858 986 1098 1034 potestatem
1118 983 1363 1035 cupidusque
1382 997 1444 1022 me
1463 997 1602 1031 nosse3

134 1044 279 1083 milites
315 1058 424 1084 meos
458 1046 628 1084 subinde
666 1051 931 1085 commeantes
969 1047 1242 1097 interrogabat
1272 1047 1343 1085 ubi
1372 1060 1445 1098 ego
1475 1061 1602 1086 essem

133 1107 280 1158 quidue
299 1122 467 1160 agerem.
526 1109 609 1158 Qui
639 1123 728 1148 eum
754 1110 907 1148 incerta
928 1111 1216 1161 responderent
1238 1111 1323 1162 ipse
1346 1110 1495 1149 auditis
1518 1111 1603 1149 eius

133 1171 512 1224 interrogationibus
533 1174 664 1211 onmia
683 1174 789 1211 enim
810 1174 906 1211 1111111
924 1173 1009 1224 regi
1029 1187 1171 1225 niagno
1184 1174 1441 1213 macedonum
1460 1174 1603 1213 refere-

135 1234 294 1274 bantur.
326 1240 486 1288 sumpto
512 1237 652 1275 habitu
679 1237 842 1275 militari
870 1237 1079 1288 positoque
1107 1251 1194 1276 meo
1221 1238 1334 1276 cuitu
1363 1239 1529 1290 pei-ueni
1560 1238 1604 1276 in

135 1303 265 1338 castra
282 1304 330 1338 ut
347 1301 434 1339 uini
453 1304 494 1339 et
507 1300 635 1339 carnis
656 1300 816 1351 quidam
838 1305 1004 1352 emptor.
1063 1300 1246 1352 Casuque
1268 1315 1390 1353 porus
1406 1303 1603 1340 suscitans

137 1363 208 1413 [ad
220 1364 303 1413 fhl.
333 1364 441 1414 loa]
466 1377 529 1402 me
561 1364 834 1415 interrogabat
863 1364 958 1414 quid
984 1363 1132 1402 faceret
1160 1365 1371 1403 alexander
1398 1369 1467 1403 aut
1491 1366 1603 1404 cuius

133 1430 239 1466 esset
257 1428 377 1466 etatis
398 1457 653 1467 .........
675 1430 863 1478 tanquam
892 1427 1009 1466 homo
1036 1428 1168 1467 senior
1186 1431 1348 1479 inquam
1368 1429 1445 1467 dux
1466 1433 1604 1467 noster

133 1489 176 1527 in
194 1490 451 1530 tabernaculo
474 1505 515 1529 se
546 1505 710 1530 accenso
733 1491 819 1542 igni
842 1491 1030 1529 caleficat.
1090 1491 1191 1529 Cum
1214 1491 1281 1529 ille
1304 1492 1447 1543 gaudio
1476 1493 1605 1531 alacer

133 1553 246 1604 quasi
268 1568 359 1593 cum
385 1555 585 1607 decrepito
615 1568 707 1593 sene
738 1558 844 1593 esset
869 1555 1048 1606 praelium
1072 1555 1364 1593 commissurus.
1386 1569 1475 1593 cum
1499 1560 1604 1595 esset

133 1617 285 1656 iuvenis
304 1619 433 1657 elatus
445 1622 614 1657 tumore.
673 1619 781 1667 Quid
793 1632 887 1669 ergo
900 1619 1030 1670 inquit
1043 1632 1124 1657 non
1136 1619 1299 1670 respicit
1315 1623 1464 1658 etatem
1477 1633 1600 1658 suam.

133 1681 340 1733 Respondi
357 1696 438 1721 uno
456 1683 498 1721 id
516 1683 720 1734 proposito
738 1682 920 1733 ignorare
934 1695 995 1720 me
1015 1682 1110 1733 quid
1122 1682 1269 1720 faceret
1289 1682 1498 1721 alexander
1513 1697 1603 1722 cum

134 1756 261 1781 essem
290 1743 494 1795 gregarius
531 1757 578 1782 ex
616 1743 868 1783 macedonico
898 1743 969 1792 [ad
980 1743 1061 1793 fol.
1085 1745 1160 1781 109
1190 1744 1242 1793 b.]
1272 1743 1383 1781 miles
1412 1745 1601 1783 exercitu.

133 1807 312 1846 Tradidit
331 1808 428 1846 mihi
447 1807 564 1846 minis
583 1808 741 1859 plenam
762 1807 969 1858 epistolam
990 1820 1107 1857 quam
1122 1807 1207 1858 regi
1225 1807 1436 1846 alexandro
1457 1808 1600 1846 darem.

131 1871 333 1922 pollicitus
353 1875 414 1910 est
433 1872 649 1923 praemium.
671 1871 735 1909 cui
753 1871 906 1909 iuratus
927 1871 1008 1909 dixi
1022 1870 1205 1908 futurum
1223 1874 1270 1908 ut
1289 1871 1332 1909 111
1351 1885 1492 1910 manus
1513 1871 1599 1910 eius

132 1935 182 1972 he
200 1935 334 1974 littere
353 1935 622 1987 peruenirent.
677 1935 879 1972 Reuersus
898 1934 1083 1986 protinus
1106 1934 1149 1972 in
1168 1938 1297 1972 castra
1316 1938 1356 1972 et
1385 1938 1599 1986 antequam

131 1999 303 2050 legerem
322 2003 363 2038 et
382 2003 591 2051 postquam
609 1998 688 2050 legi
708 1998 916 2049 epistolam
929 2011 1071 2049 magno
1086 1998 1170 2035 risu
1182 2011 1269 2035 sum
1286 1997 1504 2036 dissolutus
1527 2028 1535 2036 .
1557 2029 1566 2036 .
1590 2028 1599 2037 .

136 2063 336 2115 (Epistola
351 2063 462 2113 Pori)
488 2093 496 2101 .
519 2092 527 2101 .
549 2062 647 2100 Mox
661 2062 813 2100 contuli
833 2075 923 2100 cum
938 2061 1042 2100 indis
1061 2074 1234 2099 manum.
1248 2062 1523 2113 superatisque
1539 2062 1600 2100 his

131 2129 190 2168 ita
200 2132 247 2167 ut
267 2128 338 2178 [ad
340 2128 421 2179 fol.
442 2127 551 2176 llo]
566 2126 747 2165 uolebam
760 2130 896 2177 erepta
911 2125 1029 2164 armis
1041 2138 1164 2176 regna
1182 2139 1278 2176 poro
1291 2126 1462 2164 restitui.
1521 2127 1601 2175 Qui

131 2197 179 2232 ut
211 2193 248 2231 ei
276 2192 502 2244 insperatus
534 2191 661 2229 honor
691 2190 861 2228 donatus
893 2193 954 2228 est
984 2189 1082 2227 mihi
1111 2189 1320 2228 thesauros
1354 2203 1447 2228 suos
1477 2191 1599 2228 mani-

131 2257 307 2296 festauit.
334 2269 432 2308 quos
450 2254 692 2306 ignorabam.
714 2267 762 2292 ex
786 2254 930 2305 quibus
961 2266 1023 2291 me
1051 2256 1093 2291 et
1116 2253 1280 2292 comites
1301 2257 1342 2291 et
1367 2253 1599 2292 uniuersum

132 2321 278 2361 ditauit
297 2319 525 2359 exercitum.
583 2318 808 2369 Factusque
831 2317 980 2355 amicus
1007 2330 1054 2354 ex
1082 2316 1198 2355 hoste
1221 2317 1526 2356 macedonibus:
1556 2318 1599 2356 in

130 2384 302 2424 herculis
333 2383 525 2434 liberique
555 2381 732 2433 trophaea
769 2380 947 2419 deduxit.
1005 2380 1057 2418 In
1089 2380 1254 2419 orientis
1282 2384 1416 2419 autem
1446 2381 1599 2419 ultimis

129 2449 237 2487 horis
256 2460 375 2487 aurea
392 2447 576 2497 ultraque
596 2445 759 2484 deorum
780 2447 1056 2483 construxerat
1077 2443 1286 2482 simulacra
1299 2457 1384 2494 quae
1405 2457 1455 2482 an
1476 2445 1601 2482 solida

130 2515 264 2551 essent
283 2511 382 2551 scire
401 2524 474 2562 ego
494 2509 658 2561 cupiens
678 2508 810 2546 onmia
824 2507 1035 2559 perforaui.
1052 2511 1092 2545 et
1113 2507 1153 2544 id
1172 2507 1302 2558 ipsum
1314 2511 1361 2545 ut
1380 2507 1464 2545 uidi
1477 2508 1602 2546 solida

130 2575 248 2615 simili
276 2575 436 2613 metallo
464 2572 659 2624 compleui
687 2572 758 2621 [ad
771 2572 849 2622 fhl.
874 2573 949 2608 110
978 2571 1030 2619 b.]
1054 2570 1300 2622 liberumque
1329 2574 1371 2609 et
1400 2571 1599 2610 herculem

131 2639 292 2679 directis
321 2638 496 2677 uictimis
521 2636 689 2688 placaui.
748 2635 865 2673 Vltra
892 2635 1033 2673 deinde
1062 2635 1311 2686 progressuri
1341 2635 1375 2674 si
1403 2636 1496 2686 quid
1523 2649 1602 2674 me-

129 2703 318 2743 morabile
349 2714 621 2741 cerneremus:
660 2700 759 2738 nihil
789 2703 934 2750 praeter
967 2699 1144 2737 desertos
1176 2698 1218 2736 in
1256 2712 1402 2737 oceano
1432 2712 1599 2750 campos.

1357 2777 1370 2802 1
