1902 3081
432 755 542 813 AD
613 755 1100 813 LECTOREM.

94 939 256 986 Libelli
304 939 383 1002 qui
430 939 630 1002 primum
677 938 856 985 obtinet
902 938 1052 985 locum
1092 938 1256 984 titulus
1299 954 1322 984 e
1369 937 1496 984 libris

25 1021 200 1068 Latinis
240 1021 510 1084 desumptus
553 1027 635 1068 est.
713 1021 926 1068 Secundo
970 1026 1125 1067 antem
1167 1021 1320 1084 ipsum
1361 1037 1496 1083 argu-

25 1110 235 1151 mentum
274 1121 442 1152 nomen
486 1104 691 1151 subiecit.
773 1104 884 1151 Vidi
931 1104 1069 1150 etiam
1125 1104 1171 1150 in
1220 1103 1494 1150 bibliotheca

25 1187 217 1251 Collegii
263 1187 375 1234 D1v.
426 1188 670 1234 IOHANNIS
720 1187 843 1251 apud
892 1187 1087 1234 Cantab.
1137 1187 1309 1233 librum
1356 1203 1496 1232 manu

23 1271 246 1335 scriptum
281 1272 448 1327 saeculi,
484 1273 553 1318 uti
595 1288 770 1327 censeo,
807 1271 972 1318 decimi
1014 1272 1179 1335 quarti,
1218 1271 1291 1318 cni
1335 1271 1495 1317 titulus

22 1371 161 1417 supra
185 1355 380 1418 scriptus
405 1354 683 1401 MIRABILIA
718 1355 970 1410 OlszT1S‚
998 1372 1133 1418 quem
1174 1354 1494 1417 cognationem

22 1437 219 1501 aliquam
246 1455 351 1485 cum
375 1438 460 1485 hoc
484 1444 642 1485 nostro
667 1438 834 1485 habere
859 1444 1069 1501 excerpta
1106 1437 1278 1501 aliquot
1305 1437 1494 1484 demon-

24 1521 250 1568 strabunt.

93 1607 119 1651 2
158 1605 334 1652 “India
380 1610 476 1652 tera
513 1622 681 1668 magna
713 1610 781 1651 est
821 1605 893 1651 bis
931 1604 1106 1651 habens
1145 1603 1379 1668 estate[1n]
1423 1604 1493 1650 bis

22 1686 176 1750 fruges
192 1688 396 1751 coligunt
413 1689 459 1734 in
485 1705 605 1736 anno
630 1688 814 1735 arbores
834 1687 973 1734 habet
992 1687 1109 1734 foliis
1125 1688 1274 1734 nudas
1295 1694 1339 1734 et
1367 1692 1494 1734 tante

21 1770 276 1817 altitudinis
312 1777 359 1817 vt
388 1772 461 1818 vix
485 1771 662 1835 possint
696 1771 904 1834 sagittari
934 1771 1150 1818 foecunda
1184 1776 1252 1818 est
1276 1770 1373 1818 haec
1399 1776 1496 1817 tera

21 1869 130 1900 auro
155 1860 200 1900 et
224 1854 543 1918 elephantibus
568 1855 698 1919 piper
720 1855 807 1901 fert
826 1855 881 1913 (P)
909 1855 1007 1902 haec
1031 1859 1128 1902 tera
1151 1855 1492 1901 cinnamomum

20 1943 65 1983 et
91 1937 318 1983 calamum
344 1943 481 2001 atque
506 1937 562 1984 de
588 1937 741 1984 herbis
768 1943 836 1984 est
861 1938 1160 2000 loquendum.

90 2024 114 2066 5
165 2020 479 2084 Agrophagite
526 2020 734 2067 homines
783 2029 889 2067 sunt
930 2021 1067 2067 indiae
1116 2039 1256 2068 vnum
1305 2021 1490 2068 oculum

19 2103 242 2150 habentes
267 2103 313 2150 in
339 2103 489 2150 fronte
513 2103 793 2150 habitatores
818 2103 946 2150 iuxta
970 2104 1141 2150 flumen
1168 2104 1331 2167 phison
1351 2104 1488 2150 indiae

19 2202 257 2249 nunquam
282 2187 531 2234 comedunt
557 2193 692 2250 atque
718 2187 882 2233 viuunt
907 2186 1060 2233 odore.

88 2273 115 2317 9
154 2271 210 2318 ln
235 2276 332 2318 tera
354 2271 462 2318 libie
489 2277 596 2318 sunt
621 2271 829 2317 homines
863 2275 907 2316 et
940 2276 1161 2317 vocantur
1193 2270 1360 2317 lemnie
1395 2270 1490 2316 nati

10 2360 126 2411 sunt
167 2354 266 2401 sine
307 2354 423 2401 collo
462 2361 506 2401 et
553 2355 700 2418 capite
748 2354 969 2400 habentes
1017 2353 1172 2400 oculos
1211 2354 1258 2399 in
1297 2359 1487 2416 vtroque

22 2438 209 2484 humero
234 2454 284 2485 os
309 2455 414 2485 vero
438 2439 484 2484 in
514 2443 712 2501 pectore.

95 2524 151 2568 15
190 2521 330 2584 Apud
357 2521 657 2568 Garamantes
682 2521 783 2568 fons
809 2521 1004 2567 habetur
1041 2520 1086 2566 111
1112 2525 1245 2567 nocte
1271 2519 1416 2566 feruet
1442 2520 1487 2565 111

36 2605 99 2651 lie
125 2605 245 2667 alget
270 2610 366 2652 tam
391 2606 563 2652 calidus
584 2611 651 2651 est
677 2605 777 2652 fons
805 2606 848 2651 111
871 2611 1003 2652 nocte
1024 2604 1147 2667 qnod
1173 2620 1409 2667 nunquam
1441 2622 1486 2650 cs
